3204 5284
767 439 1008 502 -122-

300 597 454 664 hibuisse.
499 597 586 663 Nam
616 621 699 683 quac
730 598 953 683 Koldewey,
985 598 1041 682 qui
1071 598 1153 663 bene
1183 597 1223 661 de
1252 599 1378 684 figurae
1407 593 1473 662 died

299 706 418 770 κοινοῦ
441 705 546 771 dictae
576 705 662 790 apud
687 703 853 770 Catullum
877 703 1044 770 Tibullum
1067 704 1274 790 Propertium
1296 704 1473 770 Horatium

299 834 360 875 usu
394 812 547 878 disseruit
585 809 755 898 (Zeitschr.
778 811 800 876 f.
824 812 853 877 d.
874 811 1103 896 Gymn.-Wes.
1130 813 1213 877 1877
1238 835 1268 896 p.
1292 813 1362 902 337·
1382 810 1474 898 seq.)‚

300 938 375 1002 pag.
392 919 454 984 337
485 941 524 983 ex
554 918 710 1004 prosaicis
740 919 876 1002 collegit
903 941 970 984 non
997 919 1062 983 nisi
1091 918 1132 982 ad
1162 919 1263 984 talem
1285 917 1472 984 nominum

300 1025 548 1091 collocationem
571 1029 727 1112 spectant.
773 1025 887 1110 quue
918 1026 1023 1112 magis
1054 1025 1145 1113 digni
1175 1030 1266 1109 sunt,
1295 1026 1351 1111 qni
1382 1026 1473 1090 colli-

301 1136 435 1218 gantur,
465 1133 488 1196 ii
516 1133 593 1218 loci,
629 1133 744 1218 quibus
775 1133 904 1217 po'e‘tica
933 1133 992 1198 illa
1020 1134 1112 1198 verbi
1140 1133 1227 1198 finiti
1259 1133 1474 1198 collocatione

299 1262 378 1304 usus
401 1243 452 1305 est
475 1239 616 1305 Tacitus.
661 1240 848 1305 Invenimus
871 1239 987 1305 haecce
1011 1241 1186 1306 admodum
1209 1262 1326 1326 pauca:

391 1348 418 1412 1.
441 1347 611 1432 particulis
635 1347 807 1413 coniuncta
830 1351 907 1412 sunt
930 1347 1062 1432 singula
1084 1347 1212 1434 periodi
1234 1347 1397 1413 membra:

388 1453 439 1520 ct:
459 1453 498 1518 H.
516 1453 546 1518 V
564 1456 592 1538 1,
606 1454 694 1538 91101
717 1456 839 1520 addidit
855 1475 872 1519 e
889 1454 986 1519 Suria
1008 1456 1228 1520 dnmdeoumam
1245 1461 1275 1520 et
1295 1455 1476 1520 adductos

302 1562 499 1626 Alexandria
521 1563 831 1628 duoetvicensimanos
854 1563 1064 1645 tertianasquc.
1102 1562 1208 1648 Supra
1222 1562 1288 1627 iam
1303 1583 1333 1645 p.
1348 1562 1392 1626 53
1408 1583 1476 1646 seq.

176 1753 181 1764 ι
300 1669 426 1754 egimus
450 1669 489 1733 dc
513 1669 584 1734 loco
604 1670 665 1734 An.
677 1668 742 1734 XII
757 1670 810 1753 22,
832 1692 938 1755 quem,
960 1671 1025 1735 nisi
1048 1693 1124 1735 vera
1143 1674 1230 1735 esset
1253 1669 1383 1753 prolata
1405 1669 1477 1732 illic

300 1775 491 1861 explicatio,
518 1776 635 1842 melius
665 1799 762 1861 quam
792 1797 866 1841 eum
891 1776 1035 1863 Draeger
1067 1778 1300 1862 interpretatus
1337 1780 1390 1840 est
1421 1797 1475 1840 ex·

300 1883 438 1966 plicares
463 1905 501 1948 cx
525 1883 679 1971 analogia
702 1883 765 1948 loci
790 1884 886 1949 modo
911 1884 1068 1970 adscripti
1093 1881 1332 1968 Η.111,911(1.

389 2005 444 2070 not
464 1989 726 2076 Au.l35,4seq.:
745 2011 817 2056 mou
834 1992 1007 2056 indiscretis
1020 1992 1140 2056 nondinis
1151 1991 1256 2075 pretia
1268 1991 1477 2067 montianum,

300 2098 459 2179 anaustias
481 2099 638 2182 stipendii,
666 2099 817 2162 ductitium
840 2119 977 2184 meum,
1000 2119 1037 2162 ac
1052 2099 1193 2181 propriis
1214 2098 1392 2162 nomimlms
1416 2099 1475 2161 iu·

299 2205 583 2289 cumulandum,
604 2205 719 2289 fossas,
737 2205 849 2287 pabuli
870 2207 1018 2270 materiae
1041 2206 1195 2288 liquoreum
1218 2205 1373 2289 odyssum,
1397 2206 1476 2269 etsi

299 2332 361 2393 qua
378 2312 446 2376 alia
467 2332 505 2377 ec
522 2313 695 2378 necessitate
713 2316 769 2376 aut
791 2313 937 2377 aduersus
962 2314 1059 2377 otium
1084 2317 1255 2377 castratum
1272 2317 1476 2393 quaeritatur.

389 2416 470 2486 sed:
494 2417 535 2484 H.
548 2418 564 2483 I
578 2419 635 2504 83,
652 2419 783 2484 8-10:
810 2439 905 2501 neque
927 2424 962 2484 nt
983 2420 1119 2499 adsutus
1146 2419 1315 2484 vestraein
1337 2439 1476 2483 amman

299 2527 360 2590 mei
392 2527 594 2609 accenderem,
626 2527 855 2611 commilitones,
894 2547 989 2609 neque
1019 2530 1055 2589 ut
1084 2527 1226 2590 animum
1258 2528 1301 2591 ad
1330 2526 1477 2590 uirtutem

300 2633 474 2698 cohortarer
488 2683 530 2714 ..‚
547 2635 600 2698 sed
611 2635 693 2697 ueni
700 2633 916 2716 postulaturus
938 2653 959 2696 a
976 2633 1059 2697 uobis
1078 2637 1347 2715 mmnamnum
1360 2637 1478 2697 uestrae

297 2742 493 2821 fortitudinis
527 2745 556 2804 et
590 2760 662 2822 aaa
697 2761 744 2804 nte
780 2741 904 2804 modum
935 2741 1061 2804 caritat'
1108 2736 1163 2825 (cf.
1176 2738 1218 2805 Η.
1233 2740 1247 2804 Ι
1263 2741 1317 2825 29,
1333 2739 1476 2805 13-16

300 2872 330 2933 p.
348 2844 432 2934 116).
466 2883 504 2893 -
537 2847 598 2912 An.
612 2845 656 2910 Vl
675 2846 717 2911 29
733 2843 814 2933 (35),
830 2846 937 2929 151161
973 2847 1054 2911 nnn
1084 2847 1165 2911 ltunc
1193 2848 1335 2912 amicitia
1357 2846 1478 2931 Seiani,

299 2957 353 3020 sed
374 2955 548 3034 labefecit
569 2954 653 3017 laud
674 2954 779 3019 minus
801 2955 940 3019 ualidum
957 2955 1000 3018 ad
1017 2955 1113 3018 suitur
1125 2954 1289 3019 Macronis
1307 2955 1478 3019 odinum—
1600 2969 1601 3000 1

301 3060 460 3127 Similiter
487 3061 522 3124 in
551 3059 658 3125 medio
691 3060 826 3125 alterius
859 3060 997 3125 membri
1029 3065 1183 3126 contextu
1216 3065 1306 3126 extat
1338 3061 1478 3126 verbum

300 3167 341 3231 Η.
355 3166 384 3230 V
398 3168 433 3251 6,
448 3165 558 3250 2⁴ll25:
588 3169 632 3231 sic
653 3173 763 3232 netues
785 3173 934 3253 auctores,
961 3169 1014 3232 sed
1031 3169 1127 3250 anari
1154 3168 1288 3233 locorum
1315 3170 1480 3234 tradunt

299 3275 449 3339 undantes
471 3275 618 3339 bitumine
640 3275 732 3340 moles
750 3275 826 3356 pelli
847 3295 1002 3357 manuque
1024 3275 1107 3339 tradi
1129 3277 1173 3340 ad
1193 3276 1275 3340 litus.

390 3379 579 3467 Nipperdey
598 3403 663 3446 non
682 3385 769 3447 recte
787 3381 852 3446 huc
870 3382 1000 3447 rettulit
1018 3383 1126 3446 locum
1141 3382 1224 3447 Anu.
1239 3381 1273 3447 ΙΙ
1288 3384 1345 3469 60,
1360 3384 1477 3450 5-8:

300 3490 371 3554 inde
387 3490 570 3572 proximum
592 3490 695 3553 amnis
717 3508 750 3553 os
772 3490 908 3553 dicatum
922 3489 1066 3574 Herculi„
1082 3510 1171 3571 quem
1189 3490 1351 3573 indepenae
1372 3496 1478 3556 ortum
1599 3525 1600 3538 .

299 3599 385 3679 apud
404 3617 436 3661 se
458 3601 486 3660 ct
507 3596 759 3677 antiquissimum
770 3595 931 3678 pentibent
948 3616 1053 3679 cosam
1074 3597 1128 3678 qui
1144 3602 1252 3679 postea
1268 3598 1347 3680 pari
1364 3599 1478 3662 uirtute

297 3705 418 3785 fuerint
451 3705 485 3766 in
515 3708 744 3786 aequamentum
770 3705 836 3768 eius
862 3703 1009 3779 adseitos;
1039 3723 1111 3768 mac
1133 3705 1223 3768 nisit
1244 3708 1377 3769 actuum
1398 3704 1476 3769 Tire-

300 3811 410 3874 lmnum
423 3831 539 3892 maana
549 3812 676 3893 uestiyia
690 3815 724 3876 et
730 3832 759 3894 q.
768 3832 792 3873 s.
811 3809 1018 3894 Interpositis
1033 3810 1117 3875 cuim
1134 3810 1312 3875 enuntiatis
1328 3812 1476 3876 membra

301 3940 400 3980 unum
420 3917 515 3980 alteri
534 3917 764 4001 respondentia
782 3916 1005 3981 vehementius
1021 3926 1242 4002 secernuntur,
1260 3940 1358 4003 quam
1377 3923 1415 3983 ut
1433 3918 1476 3983 de

300 4023 371 4088 sola
401 4023 619 4089 contractione
650 4024 787 4108 cogitari
816 4023 922 4108 possit
954 4020 1007 4109 (cf.
1021 4047 1052 4108 p.
1067 4022 1133 4110 97).
1167 4061 1208 4071 -
1240 4023 1355 4110 Neque
1388 4026 1476 4090 alius

301 4131 407 4215 locus,
438 4153 533 4215 quem
557 4129 745 4215 Nipperdey
775 4129 839 4194 huc
861 4134 1008 4214 spectare
1031 4131 1150 4217 voluit,
1179 4135 1217 4196 ut
1246 4153 1311 4216 quo
1342 4132 1477 4218 singula

301 4237 445 4303 membra
468 4237 638 4323 particulis
662 4240 865 4301 utrum-an
893 4235 979 4301 inter
1009 4259 1043 4302 se
1073 4238 1245 4304 coniuncta
1274 4243 1396 4324 essent,
1425 4240 1477 4304 ita

300 4349 409 4429 potest
432 4344 600 4430 explicari:
622 4342 875 4428 An.1V20,12
895 4365 933 4408 a:
962 4346 1043 4409 unde
1068 4346 1208 4410 dubitare
1235 4366 1335 4432 caper,
1360 4347 1429 4427 fato
1447 4354 1479 4412 et

299 4456 378 4516 sorte
395 4453 554 4536 nascendi,
572 4455 608 4515 ut
624 4455 734 4536 cetera,
756 4451 804 4515 ita
819 4452 1001 4535 principium
1020 4453 1183 4518 inclinatio
1201 4454 1236 4518 in
1254 4453 1321 4538 los,
1343 4453 1478 4538 offensio
