3222 5278
783 403 1001 469 -ee-
1136 365 1142 374 ’

302 568 416 634 manu
438 567 540 633 maior
561 586 721 651 nonnum,
742 569 787 630 set
801 563 950 630 ‚aarum
970 583 1077 630 mmm
1097 569 1155 641 cst,
1177 584 1194 628 e
1216 561 1383 628 (immanis
1404 561 1470 643 ipsa

302 674 422 739 robora.

391 780 470 846 Iroci
493 779 584 845 dubii
607 785 697 845 sunt:

393 887 435 952 H.
448 887 464 951 I
477 888 536 972 44,
551 889 637 971 tf103
668 886 792 971 legitur
821 885 906 970 apud
938 885 1111 970 plerosque
1140 884 1297 950 editores:
1326 885 1467 967 praefica

303 996 400 1061 aarum
421 995 525 1077 capitu
553 994 751 1076 qestudantar
783 994 861 1056 inter
890 993 982 1074 siqua
1013 991 1181 1056 cohortium
1212 993 1304 1057 irrata
1335 991 1471 1074 aquilam

303 1102 439 1186 leqrenia
461 1101 601 1166 certatim
618 1100 838 1166 munientibus
859 1103 1001 1164 mmm
1018 1120 1132 1164 manus
1149 1101 1204 1181 qui
1222 1099 1400 1176 numerant,
1421 1099 1472 1180 qui

303 1209 522 1292 interfuerant,
549 1209 603 1289 qui
629 1229 696 1272 cere
721 1209 776 1289 qui
796 1207 879 1286 falso
900 1211 936 1270 nt
957 1206 1124 1290 parietinum
1154 1212 1183 1271 et
1208 1206 1404 1270 memorabile
1428 1205 1472 1285 fa

304 1317 392 1380 cimus·
429 1314 594 1380 amman
647 1314 679 1379 J.
705 1311 841 1399 Mulier,
877 1313 979 1378 Beitr.
1000 1314 1017 1379 I
1037 1337 1068 1397 p.
1089 1312 1133 1376 24
1148 1333 1218 1397 seq.
1245 1313 1473 1398 interpungere

304 1423 476 1488 voluitz...
490 1424 544 1505 qui
557 1423 742 1498 emmeant
764 1423 819 1503 qui
840 1421 1054 1504 interfuerant,
1076 1421 1218 1502 quivere
1239 1421 1294 1502 qui
1314 1420 1398 1501 falso
1421 1415 1473 1502 (sa

304 1513 550 1615 interfuerant),
578 1535 614 1594 ut
637 1528 959 1612 puluinum-facinus
988 1527 1153 1591 mandant.
1206 1524 1270 1591 Sed
1307 1527 1387 1612 quid
1416 1526 1474 1591 sibi

305 1636 390 1702 vult:
412 1638 466 1719 qni
487 1636 587 1716 falso
609 1633 838 1717 interfuerant?
860 1634 994 1700 minime
1017 1633 1103 1699 verti
1126 1636 1253 1717 potest:
1280 1634 1387 1699 addae
1413 1654 1474 1697 an·

302 1741 444 1825 qebtict
466 1743 597 1826 buntur
617 1764 730 1808 waren.
775 1740 958 1806 Retinenda
978 1746 1030 1806 est
1053 1740 1153 1806 solita
1174 1739 1406 1825 interpunctio.

285 1893 288 1898 -
394 1848 639 1931 H.11123,11:
661 1848 794 1934 Mtrller,
816 1849 838 1914 1.
852 1849 873 1913 1.
884 1848 932 1914 IV
947 1849 1005 1933 43,
1028 1848 1183 1931 explicat:
1210 1852 1317 1912 neutro
1345 1848 1474 1912 inclina

304 1961 390 2021 aaut
431 1956 578 2039 fortuna,
618 1956 711 2020 donec
746 1956 855 2020 utura
895 1960 980 2021 mue
1021 1954 1097 2018 luna
1137 1974 1267 2036 surqens
1315 1957 1476 2020 ostenduet

305 2065 386 2128 acies
410 2062 604 2144 falleretque;
638 2063 691 2127 sad
712 2061 881 2128 Fmomnis
909 2064 1036 2146 aequior
1066 2083 1088 2125 a
1110 2067 1209 2144 terqo,
1228 2059 1286 2146 (sc.
1309 2061 1474 2147 surgebat:

305 2172 399 2256 kam,
422 2167 560 2254 schien).
603 2167 722 2234 Melius
746 2171 916 2254 suppletur
939 2174 1045 2234 erat.
1078 2168 1118 2234 cf.
1137 2169 1183 2233 ed.
1200 2168 1329 2234 Heraei.
1352 2205 1397 2215 -
1420 2168 1471 2233 Au.

305 2277 368 2343 XV
386 2278 517 2356 41‚2-
539 2278 580 2340 10
611 2277 695 2342 eod:
726 2278 780 2341 sed
809 2278 1014 2342 aamtusama
1045 2276 1203 2359 retiquae,
1239 2277 1322 2358 qnod
1351 2275 1472 2340 Seritur

308 2385 431 2450 Tattius
453 2383 574 2466 Lunae,
598 2389 627 2447 et
648 2405 764 2467 maqua
785 2405 845 2448 ara
865 2383 1050 2468 fanumque,
1072 2403 1151 2466 quae
1166 2380 1327 2466 praesenti
1348 2382 1474 2448 Hermti

306 2491 409 2556 Areas
431 2490 582 2554 Evander
604 2495 788 2573 samauerat,
811 2491 955 2572 aedesque
976 2486 1110 2556 Statoris
1132 2489 1232 2574 Iocis,
1254 2496 1324 2556 uoto
1346 2490 1474 2556 Romulo
1582 2505 1583 2528 ³

307 2598 488 2679 Numaeque
517 2598 603 2680 reqr'a
630 2603 659 2662 et
684 2597 842 2662 delubrum
871 2598 977 2662 Vestae
1003 2618 1072 2662 cum
1095 2596 1263 2663 Penatium
1283 2599 1398 2682 papati
1419 2597 1474 2662 Ro·

306 2705 396 2770 mani
413 2708 536 2780 euusta;
555 2705 622 2768 mm
640 2724 709 2788 opes
727 2709 769 2769 m
785 2705 921 2769 materiis
938 2707 1093 2787 quaesitae
1110 2709 1140 2769 et
1157 2703 1350 2770 Graecarum
1364 2707 1475 2770 artium
1581 2783 1582 2786 Ἴ

307 2813 423 2890 deeora,
446 2812 528 2876 euim
545 2815 742 2876 monumenta
759 2812 955 2894 inqcniorum
972 2813 1103 2894 antiqua
1119 2817 1148 2876 et
1163 2813 1351 2896 incorrupto,
1376 2834 1475 2896 quam·

306 2920 354 2984 uis
382 2921 416 2984 in
444 2922 532 2982 tauta
560 2920 745 3001 resurqentis
773 2919 860 2984 urbis
883 2918 1114 3001 pulchritudine
1138 2919 1237 2983 mutia
1260 2922 1395 2985 seniores
1422 2939 1475 2983 me·

307 3026 469 3110 minerint,
507 3046 584 3108 quae
614 3027 758 3109 reparari
788 3027 961 3108 nequibant.
1014 3025 1119 3090 Locus
1156 3030 1207 3090 est
1241 3026 1476 3090 vexatissimus.

309 3132 463 3197 Walther
478 3153 545 3196 rem
564 3132 714 3217 expedire
731 3132 858 3196 studuit
879 3135 1015 3198 uerbum
1032 3135 1181 3197 exusta
1198 3132 1355 3197 etiamad
1376 3154 1477 3217 opes,
1580 3141 1581 3146 ’

309 3239 466 3324 decora,
490 3242 737 3302 monumenta
765 3238 948 3325 referendo,
976 3241 1037 3305 ita:
1060 3243 1250 3305 ....:ennsta
1280 3240 1346 3304 iam
1376 3259 1477 3322 opes..

308 3347 430 3429 maora,
471 3345 554 3410 euim
593 3351 829 3410 monumenta..
848 3347 1027 3429 incorrupta
1065 3343 1122 3432 (sc.
1153 3343 1300 3432 exusta):
1340 3345 1488 3428 quarnais¹

308 3455 344 3518 in
367 3451 706 3535 tanta-pulchritudine
728 3453 827 3516 matta
848 3453 981 3518 seniores
1003 3454 1212 3534 rneurinerint,
1240 3474 1317 3535 quoe
1338 3452 1478 3535 reparari

308 3559 483 3642 mquuaur.
512 3593 555 3604 —-
587 3557 695 3624 Ritter
727 3555 828 3645 (1848
862 3564 895 3624 et
929 3557 1044 3646 1864),
1076 3557 1332 3646 Orelli-Baiter,
1363 3559 1479 3642 Haase,
1579 3567 1580 3594 ¹

311 3666 456 3751 Draeger
468 3665 719 3751 interpuugunt:
809 3671 924 3732 exusta.
957 3667 1031 3731 Iam
1050 3667 1251 3749 opes-decora
1265 3664 1323 3753 (sn
1338 3663 1478 3751 exusta);

309 3774 392 3838 euim
410 3777 608 3838 monumenta
619 3823 629 3852 ,
639 3823 646 3838 .
657 3823 664 3838 .
676 3824 682 3835 .
696 3773 795 3837 multa
812 3774 944 3838 seniores
962 3775 1158 3838 meminerint
1174 3778 1208 3839 et
1217 3796 1247 3858 q.
1255 3797 1280 3839 s.
1293 3770 1327 3860 (i.
1335 3797 1377 3840 e.:
1389 3773 1479 3855 facite

309 3880 484 3944 meminisse
500 3883 649 3961 possunt·
672 3878 781 3944 Ritter
798 3881 941 3965 scripsit:
959 3877 1209 3980 muniuerunt).
1246 3879 1477 3967 Nipperdeium
1578 3925 1579 3946 2

189 4029 194 4038 ‚
311 3985 446 4051 offendit
482 3985 617 4051 verbum
659 3986 744 4050 male
785 3987 973 4072 suppletum
1014 3991 1155 4052 exusta
1195 4009 1238 4053 so.
1271 3992 1376 4072 sunt,
1417 4009 1478 4072 quo

309 4095 382 4157 tota
418 4091 591 4156 verborum
628 4096 791 4158 structura
829 4094 921 4178 quasi
953 4098 1214 4180 corrumperetur
1246 4091 1478 4181 (0891111111),

310 4200 421 4284 itaque
440 4199 563 4284 recepit
589 4198 808 4264 coniecturam
821 4199 983 4287 Ernestii,
1010 4224 1075 4288 qua
1100 4203 1301 4287 quaesitae
1336 4202 1479 4266 mutatur
1542 4201 1545 4207 '

310 4305 345 4370 in
384 4305 609 4391 quaesitas3
648 4306 824 4371 accusativi
862 4307 937 4372 inde
976 4308 1018 4373 ab
1059 4329 1151 4393 opos
1190 4329 1262 4386 cum
1302 4307 1478 4373 memine-

311 4412 393 4476 rint
418 4411 667 4497 coniuuguntur.
704 4412 803 4478 Halm
828 4413 1005 4479 nouissime
1031 4414 1196 4499 propriam
1222 4414 1478 4482 emendationem
