3268 5280
784 537 983 599 ..2-

385 699 458 764 Iam
480 703 656 782 antequam
677 696 894 762 Wetaelliana
924 697 1114 762 dissertatio
1141 697 1176 761 in
1205 695 1310 762 lucem
1336 695 1468 782 prodiit,

297 828 401 893 pauca
429 806 468 870 (16
495 804 649 888 ellipseos
675 803 767 869 verbi
795 803 993 869 substantivi
1020 824 1082 869 csse
1109 803 1228 868 finibus
1256 801 1344 868 haud
1369 801 1469 867 inuti-

298 912 375 978 liter
405 910 592 976 observavit
624 909 762 976 Storeb
793 909 1044 994 (Benertunqen
1083 930 1142 976 aar
1178 908 1378 974 &ammata
1416 910 1468 974 das

299 1020 434 1104 Tacitus,
451 1018 566 1084 Menoe
578 1019 663 1083 1868
669 1039 705 1101 p.
719 1017 873 1094 13-16).
910 1015 974 1082 Sed
997 1016 1151 1102 quoniam
1174 1015 1314 1100 singulis
1338 1020 1468 1080 tantum

298 1124 455 1212 exemplis
486 1124 680 1190 examinatis
703 1125 793 1210 leges
824 1145 900 1188 suas
930 1123 1114 1209 constituit,
1143 1126 1395 1188 consentaneum
1418 1127 1469 1205 est

296 1231 453 1297 iudicium
482 1236 606 1297 certum
642 1231 892 1316 absolutumque
922 1230 963 1294 iis
1000 1229 1063 1294 niti
1099 1251 1166 1294 non
1199 1250 1304 1314 posse.
1324 1265 1371 1290 .-
1393 1228 1466 1294 Ro-

297 1338 435 1404 bertus
466 1336 641 1403 Schmidt
670 1339 704 1402 in
734 1342 978 1423 programmate
1007 1335 1268 1420 Dramburgensi
1297 1337 1346 1414 (de
1367 1336 1469 1418 cllspsi

299 1446 564 1524 Tacitina1871)
587 1445 626 1510 (16
650 1445 801 1511 omnibus
824 1443 892 1509 fere
915 1445 1068 1529 ellipseos
1093 1441 1266 1527 generibus
1294 1443 1468 1527 quaesivit:

298 1551 337 1617 de
361 1551 484 1637 ellipsi,
506 1573 589 1636 quae
609 1551 649 1615 ad
673 1551 897 1636 praedicatum
916 1551 1079 1616 obiectum
1099 1549 1294 1614 attributum
1317 1548 1468 1635 pertinet,

298 1659 338 1724 do
360 1657 587 1724 coniunctione
614 1659 691 1722 narie
717 1657 861 1743 elliptice
888 1657 1049 1742 adhibita,
1077 1656 1116 1722 (16
1144 1655 1326 1741 asyndetis,
1352 1655 1391 1720 de
1418 1656 1466 1721 in-

297 1764 574 1850 terrogationibus
602 1764 768 1830 indirectis
798 1768 830 1828 et
862 1763 1040 1830 enuntiatis
1067 1762 1297 1846 comparativis
1325 1763 1469 1848 elliptice

297 1870 524 1955 conformatis,
553 1871 609 1936 rel
662 1869 786 1936 Parvus
816 1871 887 1956 ipse
917 1869 1112 1956 paginarum
1147 1891 1314 1954 numerus,
1349 1869 1468 1954 quibus

298 1976 471 2043 Schmidt
493 1981 599 2041 totam
626 1999 695 2041 rem
722 1977 901 2043 absolvisse
924 1976 988 2041 sibi
1010 1976 1152 2060 videtur,
1174 1997 1336 2040 summam
1363 1977 1468 2063 suspi-

297 2085 420 2150 cionem
434 2105 564 2148 movere
574 2082 670 2147 debet
680 2083 841 2168 omnibus,
854 2083 910 2169 qui
921 2081 1102 2148 accuratius
1113 2080 1306 2147 inTaciteae
1316 2082 1469 2167 ellipseos

297 2214 358 2256 usu
377 2189 595 2276 pernoscendo
614 2189 735 2254 versati
753 2189 998 2274 intellexerunt,
1021 2194 1143 2274 quanta
1161 2187 1205 2252 sit
1223 2188 1317 2272 copia
1333 2211 1401 2254 non
1418 2211 1469 2255 so·

297 2297 366 2362 lum
398 2297 552 2382 ellipseos
584 2317 753 2382 generum,
786 2297 842 2362 sed
874 2297 974 2362 etiam
1006 2295 1228 2380 exemplorum
1260 2295 1475 2382 locorumque,

298 2425 423 2489 eorum,
447 2402 485 2468 de
508 2402 626 2487 quihus
650 2407 738 2468 certo
762 2404 882 2468 iudicio
905 2403 981 2468 huic
1003 2403 1056 2468 vel
1078 2402 1129 2467 illi
1147 2401 1244 2467 classi
1263 2403 1468 2488 assignandis

298 2511 361 2576 viri
384 2509 472 2589 docti
495 2508 590 2575 valde
613 2509 816 2575 dissentiant.
854 2509 900 2574 Itt
923 2513 973 2575 est
991 2509 1050 2573 illa
1069 2508 1257 2573 dissertatio
1281 2514 1355 2574 uta
1373 2510 1467 2575 laude

298 2614 507 2700 perfectiouis
531 2615 638 2680 aliena
660 2616 708 2680 ita
734 2639 802 2682 non
828 2615 1071 2681 accommodata
1098 2615 1139 2679 ad
1166 2614 1345 2680 utilitatem
1374 2615 1464 2680 nobis

297 2721 489 2807 parandam,
511 2721 589 2806 quia
612 2726 727 2786 auctor
748 2722 900 2787 licentius
923 2723 1020 2787 modo
1039 2722 1112 2806 ipsa
1130 2720 1235 2786 Taciti
1253 2723 1354 2788 verba
1371 2722 1465 2786 modo

298 2849 450 2892 numeros
475 2827 563 2892 solos
587 2827 769 2912 adscripsit.
815 2828 951 2894 Accedit
973 2829 1059 2913 qued
1082 2850 1135 2894 ars
1163 2827 1277 2893 critica
1303 2829 1338 2893 in
1360 2828 1467 2893 dubiis

298 2933 378 2998 locis
414 2938 501 2998 recte
533 2933 784 3020 interpretandis
821 2957 952 3021 perraro
988 2934 1168 3000 adhibetur.
1225 2934 1310 3012 Quid
1341 2934 1467 3000 multa?

298 3039 475 3105 Schmidt
493 3040 606 3125 paucis
621 3041 777 3126 exemplis
796 3041 976 3107 illustravit
989 3063 1107 3127 genera
1125 3041 1184 3106 illa
1202 3041 1355 3125 ellipseos
1373 3041 1468 3106 nobis'

296 3146 499 3231 tractandae,
526 3168 609 3230 quae
637 3148 674 3212 fit
702 3147 737 3211 in
760 3148 960 3232 praedicato,
983 3169 1065 3232 quae
1093 3148 1160 3212 iam
1182 3147 1407 3233 Nipperdey
1434 3149 1468 3214 in

298 3253 565 3318 adnotationibus
589 3253 628 3318 ad
649 3251 734 3319 Anu.
752 3252 768 3317 l
789 3255 821 3338 ῖς
844 3255 879 3339 93
901 3253 979 3320 XIV
999 3254 1019 3318 6
1039 3259 1072 3319 et
1090 3253 1273 3319 Wolfflin
1297 3254 1332 3319 in
1352 3253 1468 3319 Philol.

297 3359 361 3425 vol.
379 3358 491 3435 XXVI
508 3383 538 3443 p.
556 3359 619 3424 144
639 3364 672 3424 et
691 3359 862 3444 Draeger
884 3360 919 3425 in
936 3360 1014 3424 libri
1036 3383 1119 3445 quae
1142 3361 1331 3425 inscribitur
1348 3361 1470 3444 Spatia

296 3466 364 3532 aad
380 3464 441 3531 Stil
470 3467 521 3530 des
543 3466 670 3531 Tacitus
700 3466 906 3552 paragrapho
931 3468 972 3531 37
999 3467 1218 3532 distinxerunt
1247 3467 1468 3553 exemplisque

296 3571 552 3639 illustraverunt.
599 3572 812 3638 Gautrellii
831 3572 961 3638 libellus
979 3624 997 3659 „
1003 3575 1194 3656 praenuncius
1215 3579 1245 3638 et
1260 3575 1336 3656 style
1352 3575 1388 3640 de
1408 3575 1468 3638 Τα-

296 3677 375 3744 cite“
396 3679 463 3744 fere
485 3678 569 3744 nihil
592 3679 669 3744 novi
692 3679 846 3745 continet.

387 3828 524 3915 Singula
539 3829 579 3895 ad
594 3829 761 3897 Taciteum
777 3831 930 3915 ellipscos
949 3831 1170 3917 similiumque
1189 3831 1467 3917 breviloquentiae

298 3957 453 4021 generum
476 3959 571 4001 usum
594 3937 921 4003 circumscribendum
944 3939 1166 4004 contulerunt:

297 4085 334 4154 Ο.
356 4086 584 4173 Klintberg,
607 4087 781 4153 deformis
805 4088 1075 4155 condicionalium
1098 4090 1255 4156 enuntiat.
1274 4089 1362 4176 Tae,
1389 4090 1468 4156 Hol-

457 4193 664 4278 miae18773
692 4217 755 4279 quo
778 4195 813 4260 in
836 4196 948 4261 libello
972 4197 1011 4262 de
1033 4198 1146 4264 formis
1175 4197 1328 4283 ellipticis
1356 4198 1468 4282 agitur

456 4322 487 4383 p.
506 4300 548 4364 43
573 4322 638 4385 seq.
731 4383 734 4389 .

297 4423 339 4489 M.
349 4423 620 4510 Morgcnroth,
639 4425 678 4489 de
693 4425 927 4492 sententiarum
943 4428 1213 4494 condicionalium
1223 4429 1308 4512 apud
1319 4428 1466 4494 Tacitum

456 4527 651 4625 formatione
673 4531 807 4617 Leipzig
832 4533 929 4620 1868,
952 4558 981 4619 p.
1005 4535 1034 4598 9.
1100 4629 1107 4638 .
