<?xml version="1.0" encoding="UTF-8"?>
<!DOCTYPE html PUBLIC "-//W3C//DTD XHTML 1.0 Transitional//EN"
    "http://www.w3.org/TR/xhtml1/DTD/xhtml1-transitional.dtd">
<html xmlns="http://www.w3.org/1999/xhtml" xml:lang="en" lang="en">
 <head>
  <title>
</title>
<meta http-equiv="Content-Type" content="text/html;charset=utf-8" />
  <meta name='ocr-system' content='tesseract 3.04.00' />
  <meta name='ocr-capabilities' content='ocr_page ocr_carea ocr_par ocr_line ocrx_word'/>
</head>
<body>
  <div class='ocr_page' id='page_1' title='image "./debreviloquenti00clemgoog_0097.png"; bbox 0 0 3204 5284; ppageno 0'>
   <div class='ocr_carea' id='block_1_1' title="bbox 796 505 1017 571">
    <p class='ocr_par' dir='ltr' id='par_1_1' title="bbox 796 505 1017 571">
     <span class='ocr_line' id='line_1_1' title="bbox 796 505 1017 571; baseline -0.009 -17"><span class='ocrx_word' id='word_1_1' title='bbox 796 505 1017 571; x_wconf 76' lang='grc'>..84-</span> 
     </span>
    </p>
   </div>
   <div class='ocr_carea' id='block_1_2' title="bbox 315 659 1601 3186">
    <p class='ocr_par' dir='ltr' id='par_1_2' title="bbox 315 659 1601 3186">
     <span class='ocr_line' id='line_1_2' title="bbox 322 659 1503 752; baseline -0.007 -22"><span class='ocrx_word' id='word_1_2' title='bbox 322 665 400 730; x_wconf 75' lang='lat' dir='ltr'>telis</span> <span class='ocrx_word' id='word_1_3' title='bbox 417 665 506 732; x_wconf 75' lang='lat' dir='ltr'>dolete</span> <span class='ocrx_word' id='word_1_4' title='bbox 527 668 664 748; x_wconf 83' lang='lat' dir='ltr'>repertus</span> <span class='ocrx_word' id='word_1_5' title='bbox 686 669 746 744; x_wconf 73' lang='lat' dir='ltr'>ese</span> <span class='ocrx_word' id='word_1_6' title='bbox 775 703 817 712; x_wconf 93' lang='lat'>-</span> <span class='ocrx_word' id='word_1_7' title='bbox 845 664 894 732; x_wconf 77' lang='lat' dir='ltr'>[v</span> <span class='ocrx_word' id='word_1_8' title='bbox 908 667 972 752; x_wconf 85' lang='lat'>6,1</span> <span class='ocrx_word' id='word_1_9' title='bbox 994 687 1019 729; x_wconf 88' lang='lat' dir='ltr'>s.</span> <span class='ocrx_word' id='word_1_10' title='bbox 1046 683 1214 747; x_wconf 60' lang='lat' dir='ltr'>coamens</span> <span class='ocrx_word' id='word_1_11' title='bbox 1242 659 1426 727; x_wconf 73' lang='lat' dir='ltr'><strong><em>crediderim</em></strong></span> <span class='ocrx_word' id='word_1_12' title='bbox 1452 679 1503 722; x_wconf 86' lang='lat' dir='ltr'>re-</span> 
     </span>
     <span class='ocr_line' id='line_1_3' title="bbox 321 771 1503 857; baseline -0.008 -19"><span class='ocrx_word' id='word_1_13' title='bbox 321 778 576 857; x_wconf 82' lang='lat' dir='ltr'>censere-partes,</span> <span class='ocrx_word' id='word_1_14' title='bbox 604 771 1155 854; x_wconf 55' lang='lat' dir='ltr'>persecutionem,</span> <span class='ocrx_word' id='word_1_15' title='bbox 1182 771 1331 852; x_wconf 67' lang='lat' dir='ltr'>munium</span> <span class='ocrx_word' id='word_1_16' title='bbox 1357 772 1391 832; x_wconf 90' lang='lat' dir='ltr'>et</span> <span class='ocrx_word' id='word_1_17' title='bbox 1411 789 1442 852; x_wconf 92' lang='lat' dir='ltr'>q.</span> <span class='ocrx_word' id='word_1_18' title='bbox 1458 787 1503 850; x_wconf 86' lang='lat' dir='ltr'>s.;</span> 
     </span>
     <span class='ocr_line' id='line_1_4' title="bbox 321 877 1500 965; baseline -0.006 -21"><span class='ocrx_word' id='word_1_19' title='bbox 321 879 383 944; x_wconf 88' lang='lat' dir='ltr'>An.</span> <span class='ocrx_word' id='word_1_20' title='bbox 396 879 414 945; x_wconf 97' lang='lat' dir='ltr'>I</span> <span class='ocrx_word' id='word_1_21' title='bbox 430 881 484 965; x_wconf 79' lang='lat'>23,</span> <span class='ocrx_word' id='word_1_22' title='bbox 500 881 540 944; x_wconf 88' lang='lat'>16</span> <span class='ocrx_word' id='word_1_23' title='bbox 555 902 580 945; x_wconf 90' lang='lat' dir='ltr'>s.</span> <span class='ocrx_word' id='word_1_24' title='bbox 594 881 670 962; x_wconf 84' lang='lat' dir='ltr'>quin</span> <span class='ocrx_word' id='word_1_25' title='bbox 683 881 768 962; x_wconf 73' lang='lat' dir='ltr'>ipsae</span> <span class='ocrx_word' id='word_1_26' title='bbox 781 882 863 944; x_wconf 87' lang='lat' dir='ltr'>inter</span> <span class='ocrx_word' id='word_1_27' title='bbox 875 901 907 945; x_wconf 86' lang='lat' dir='ltr'>se</span> <span class='ocrx_word' id='word_1_28' title='bbox 920 877 1049 963; x_wconf 79' lang='lat' dir='ltr'>leyionee</span> <span class='ocrx_word' id='word_1_29' title='bbox 1071 883 1177 944; x_wconf 84' lang='lat' dir='ltr'>octaua</span> <span class='ocrx_word' id='word_1_30' title='bbox 1199 883 1229 942; x_wconf 87' lang='lat' dir='ltr'>et</span> <span class='ocrx_word' id='word_1_31' title='bbox 1241 877 1353 960; x_wconf 81' lang='lat' dir='ltr'>quinte</span> <span class='ocrx_word' id='word_1_32' title='bbox 1367 877 1500 940; x_wconf 73' lang='lat' dir='ltr'>denum</span> 
     </span>
     <span class='ocr_line' id='line_1_5' title="bbox 319 982 1502 1071; baseline -0.007 -19"><span class='ocrx_word' id='word_1_33' title='bbox 319 986 439 1067; x_wconf 80' lang='lat' dir='ltr'>serrum</span> <span class='ocrx_word' id='word_1_34' title='bbox 455 987 628 1071; x_wconf 82' lang='lat' dir='ltr'>parabunt,</span> <span class='ocrx_word' id='word_1_35' title='bbox 651 988 726 1050; x_wconf 84' lang='lat' dir='ltr'>dum</span> <span class='ocrx_word' id='word_1_36' title='bbox 748 987 1134 1070; x_wconf 72' lang='lat' dir='ltr'>maturiorum-Sirpicum</span> <span class='ocrx_word' id='word_1_37' title='bbox 1157 985 1215 1050; x_wconf 86' lang='lat' dir='ltr'>illa</span> <span class='ocrx_word' id='word_1_38' title='bbox 1236 984 1331 1048; x_wconf 85' lang='lat' dir='ltr'>morti</span> <span class='ocrx_word' id='word_1_39' title='bbox 1357 982 1502 1065; x_wconf 82' lang='lat' dir='ltr'>deposcit,</span> 
     </span>
     <span class='ocr_line' id='line_1_6' title="bbox 321 1091 1501 1178; baseline -0.006 -20"><span class='ocrx_word' id='word_1_40' title='bbox 321 1094 431 1174; x_wconf 71' lang='lat' dir='ltr'>perinte</span> <span class='ocrx_word' id='word_1_41' title='bbox 452 1094 614 1158; x_wconf 58' lang='lat' dir='ltr'>wimeri</span> <span class='ocrx_word' id='word_1_42' title='bbox 637 1098 776 1178; x_wconf 76' lang='lat' dir='ltr'>tuentur,</span> <span class='ocrx_word' id='word_1_43' title='bbox 803 1094 839 1158; x_wconf 85' lang='lat' dir='ltr'>ni</span> <span class='ocrx_word' id='word_1_44' title='bbox 861 1093 948 1158; x_wconf 87' lang='lat' dir='ltr'>miles</span> <span class='ocrx_word' id='word_1_45' title='bbox 970 1093 1133 1158; x_wconf 69' lang='lat' dir='ltr'>Berraum</span> <span class='ocrx_word' id='word_1_46' title='bbox 1148 1112 1254 1176; x_wconf 85' lang='lat' dir='ltr'>preces</span> <span class='ocrx_word' id='word_1_47' title='bbox 1282 1096 1312 1155; x_wconf 90' lang='lat' dir='ltr'>et</span> <span class='ocrx_word' id='word_1_48' title='bbox 1333 1091 1501 1154; x_wconf 70' lang='lat' dir='ltr'>adversum</span> 
     </span>
     <span class='ocr_line' id='line_1_7' title="bbox 320 1194 1500 1283; baseline -0.006 -16"><span class='ocrx_word' id='word_1_49' title='bbox 320 1202 517 1283; x_wconf 66' lang='lat' dir='ltr'>superuenire</span> <span class='ocrx_word' id='word_1_50' title='bbox 551 1202 655 1266; x_wconf 82' lang='lat' dir='ltr'>minas</span> <span class='ocrx_word' id='word_1_51' title='bbox 699 1201 894 1265; x_wconf 66' lang='lat' dir='ltr'>interuenisset</span> <span class='ocrx_word' id='word_1_52' title='bbox 931 1201 1136 1266; x_wconf 89' lang='lat' dir='ltr'>enuntiatum</span> <span class='ocrx_word' id='word_1_53' title='bbox 1166 1198 1248 1264; x_wconf 90' lang='lat' dir='ltr'>illud</span> <span class='ocrx_word' id='word_1_54' title='bbox 1288 1197 1329 1263; x_wconf 88' lang='lat' dir='ltr'>ab</span> <span class='ocrx_word' id='word_1_55' title='bbox 1367 1196 1408 1261; x_wconf 90' lang='lat' dir='ltr'>ni</span> <span class='ocrx_word' id='word_1_56' title='bbox 1451 1194 1500 1260; x_wconf 90' lang='lat' dir='ltr'>in-</span> 
     </span>
     <span class='ocr_line' id='line_1_8' title="bbox 322 1297 1501 1392; baseline -0.005 -21"><span class='ocrx_word' id='word_1_57' title='bbox 322 1307 444 1392; x_wconf 87' lang='lat' dir='ltr'>cipiens</span> <span class='ocrx_word' id='word_1_58' title='bbox 475 1308 567 1373; x_wconf 92' lang='lat' dir='ltr'>nullo</span> <span class='ocrx_word' id='word_1_59' title='bbox 600 1307 696 1372; x_wconf 89' lang='lat' dir='ltr'>modo</span> <span class='ocrx_word' id='word_1_60' title='bbox 729 1307 840 1372; x_wconf 83' lang='lat' dir='ltr'>deesse</span> <span class='ocrx_word' id='word_1_61' title='bbox 872 1311 997 1392; x_wconf 81' lang='lat' dir='ltr'>potest3</span> <span class='ocrx_word' id='word_1_62' title='bbox 1028 1297 1109 1373; x_wconf 82' lang='lat' dir='ltr'>item</span> <span class='ocrx_word' id='word_1_63' title='bbox 1141 1306 1182 1371; x_wconf 89' lang='lat' dir='ltr'>H.</span> <span class='ocrx_word' id='word_1_64' title='bbox 1200 1305 1251 1371; x_wconf 91' lang='lat' dir='ltr'>III</span> <span class='ocrx_word' id='word_1_65' title='bbox 1274 1305 1331 1391; x_wconf 90' lang='lat'>86,</span> <span class='ocrx_word' id='word_1_66' title='bbox 1354 1303 1405 1368; x_wconf 92' lang='grc'>10.</span> <span class='ocrx_word' id='word_1_67' title='bbox 1454 1301 1501 1366; x_wconf 89' lang='lat' dir='ltr'>At</span> 
     </span>
     <span class='ocr_line' id='line_1_9' title="bbox 321 1410 1500 1480; baseline -0.005 -2"><span class='ocrx_word' id='word_1_68' title='bbox 321 1419 433 1479; x_wconf 91' lang='lat' dir='ltr'>nostro</span> <span class='ocrx_word' id='word_1_69' title='bbox 464 1415 536 1480; x_wconf 91' lang='lat' dir='ltr'>loco</span> <span class='ocrx_word' id='word_1_70' title='bbox 566 1413 772 1479; x_wconf 88' lang='lat' dir='ltr'>enuntiatum</span> <span class='ocrx_word' id='word_1_71' title='bbox 801 1415 998 1479; x_wconf 76' lang='lat' dir='ltr'>ue-oaderenr</span> <span class='ocrx_word' id='word_1_72' title='bbox 1032 1436 1090 1480; x_wconf 89' lang='lat' dir='ltr'>nec</span> <span class='ocrx_word' id='word_1_73' title='bbox 1121 1419 1191 1479; x_wconf 90' lang='lat' dir='ltr'>arte</span> <span class='ocrx_word' id='word_1_74' title='bbox 1220 1435 1293 1478; x_wconf 88' lang='lat' dir='ltr'>oum</span> <span class='ocrx_word' id='word_1_75' title='bbox 1325 1410 1500 1476; x_wconf 87' lang='lat' dir='ltr'>enuntiato</span> 
     </span>
     <span class='ocr_line' id='line_1_10' title="bbox 321 1518 1500 1605; baseline -0.005 -19"><span class='ocrx_word' id='word_1_76' title='bbox 321 1521 478 1605; x_wconf 88' lang='lat' dir='ltr'>primario</span> <span class='ocrx_word' id='word_1_77' title='bbox 502 1521 654 1586; x_wconf 76' lang='lat' dir='ltr'>cohaeret</span> <span class='ocrx_word' id='word_1_78' title='bbox 675 1541 734 1585; x_wconf 88' lang='lat' dir='ltr'>nee</span> <span class='ocrx_word' id='word_1_79' title='bbox 758 1520 890 1585; x_wconf 89' lang='lat' dir='ltr'>omnino</span> <span class='ocrx_word' id='word_1_80' title='bbox 913 1523 983 1585; x_wconf 90' lang='lat' dir='ltr'>tam</span> <span class='ocrx_word' id='word_1_81' title='bbox 1007 1521 1224 1586; x_wconf 88' lang='lat' dir='ltr'>necessarium</span> <span class='ocrx_word' id='word_1_82' title='bbox 1244 1524 1304 1604; x_wconf 88' lang='lat' dir='ltr'>est,</span> <span class='ocrx_word' id='word_1_83' title='bbox 1327 1523 1366 1583; x_wconf 92' lang='lat' dir='ltr'>ut</span> <span class='ocrx_word' id='word_1_84' title='bbox 1385 1518 1500 1582; x_wconf 86' lang='lat' dir='ltr'>deesse</span> 
     </span>
     <span class='ocr_line' id='line_1_11' title="bbox 320 1619 1501 1713; baseline -0.006 -20"><span class='ocrx_word' id='word_1_85' title='bbox 320 1633 470 1713; x_wconf 80' lang='lat' dir='ltr'>nequeat.</span> <span class='ocrx_word' id='word_1_86' title='bbox 488 1665 531 1675; x_wconf 94' lang='lat'>—</span> <span class='ocrx_word' id='word_1_87' title='bbox 550 1627 724 1691; x_wconf 87' lang='lat' dir='ltr'>Praeterea</span> <span class='ocrx_word' id='word_1_88' title='bbox 741 1625 873 1692; x_wconf 72' lang='lat' dir='ltr'>Mulieri</span> <span class='ocrx_word' id='word_1_89' title='bbox 895 1627 1159 1712; x_wconf 74' lang='lat' dir='ltr'>interpretationi</span> <span class='ocrx_word' id='word_1_90' title='bbox 1185 1628 1307 1712; x_wconf 85' lang='lat' dir='ltr'>obstat,</span> <span class='ocrx_word' id='word_1_91' title='bbox 1330 1619 1422 1710; x_wconf 78' lang='lat' dir='ltr'>quod</span> <span class='ocrx_word' id='word_1_92' title='bbox 1445 1623 1501 1688; x_wconf 84' lang='lat' dir='ltr'>vix</span> 
     </span>
     <span class='ocr_line' id='line_1_12' title="bbox 320 1732 1501 1820; baseline -0.003 -21"><span class='ocrx_word' id='word_1_93' title='bbox 320 1734 461 1800; x_wconf 84' lang='lat' dir='ltr'>feliciter</span> <span class='ocrx_word' id='word_1_94' title='bbox 493 1734 634 1820; x_wconf 88' lang='lat' dir='ltr'>propriis</span> <span class='ocrx_word' id='word_1_95' title='bbox 664 1733 771 1798; x_wconf 84' lang='lat' dir='ltr'>verbis</span> <span class='ocrx_word' id='word_1_96' title='bbox 802 1733 924 1799; x_wconf 89' lang='lat' dir='ltr'>dietum</span> <span class='ocrx_word' id='word_1_97' title='bbox 955 1756 1025 1800; x_wconf 87' lang='lat' dir='ltr'>esse</span> <span class='ocrx_word' id='word_1_98' title='bbox 1057 1735 1204 1820; x_wconf 84' lang='lat' dir='ltr'>videtur,</span> <span class='ocrx_word' id='word_1_99' title='bbox 1234 1734 1327 1798; x_wconf 89' lang='lat' dir='ltr'>nulla</span> <span class='ocrx_word' id='word_1_100' title='bbox 1360 1732 1430 1798; x_wconf 90' lang='lat' dir='ltr'>alia</span> <span class='ocrx_word' id='word_1_101' title='bbox 1462 1753 1501 1796; x_wconf 84' lang='lat' dir='ltr'>ex</span> 
     </span>
     <span class='ocr_line' id='line_1_13' title="bbox 321 1840 1501 1928; baseline -0.003 -22"><span class='ocrx_word' id='word_1_102' title='bbox 321 1863 420 1906; x_wconf 86' lang='lat' dir='ltr'>eausa</span> <span class='ocrx_word' id='word_1_103' title='bbox 449 1842 589 1908; x_wconf 85' lang='lat' dir='ltr'>victores</span> <span class='ocrx_word' id='word_1_104' title='bbox 622 1840 826 1906; x_wconf 89' lang='lat' dir='ltr'>condiciones</span> <span class='ocrx_word' id='word_1_105' title='bbox 856 1840 1053 1928; x_wconf 79' lang='lat' dir='ltr'>Uspensium</span> <span class='ocrx_word' id='word_1_106' title='bbox 1081 1846 1272 1928; x_wconf 89' lang='lat' dir='ltr'>aspernatos</span> <span class='ocrx_word' id='word_1_107' title='bbox 1296 1862 1369 1905; x_wconf 89' lang='lat' dir='ltr'>esse</span> <span class='ocrx_word' id='word_1_108' title='bbox 1401 1861 1501 1924; x_wconf 86' lang='lat' dir='ltr'>quarn</span> 
     </span>
     <span class='ocr_line' id='line_1_14' title="bbox 320 1945 1501 2033; baseline -0.003 -22"><span class='ocrx_word' id='word_1_109' title='bbox 320 1952 359 2011; x_wconf 89' lang='lat' dir='ltr'>nt</span> <span class='ocrx_word' id='word_1_110' title='bbox 388 1971 444 2013; x_wconf 89' lang='lat' dir='ltr'>eos</span> <span class='ocrx_word' id='word_1_111' title='bbox 473 1951 637 2014; x_wconf 81' lang='lat' dir='ltr'>necarent</span> <span class='ocrx_word' id='word_1_112' title='bbox 660 1982 704 1994; x_wconf 90' lang='lat'>—-</span> <span class='ocrx_word' id='word_1_113' title='bbox 727 1947 832 2012; x_wconf 83' lang='lat' dir='ltr'>Loous</span> <span class='ocrx_word' id='word_1_114' title='bbox 860 1948 929 2014; x_wconf 79' lang='lat' dir='ltr'>sine</span> <span class='ocrx_word' id='word_1_115' title='bbox 966 1949 1065 2014; x_wconf 91' lang='lat' dir='ltr'>dubio</span> <span class='ocrx_word' id='word_1_116' title='bbox 1098 1952 1271 2033; x_wconf 89' lang='lat' dir='ltr'>corruptus</span> <span class='ocrx_word' id='word_1_117' title='bbox 1308 1952 1360 2012; x_wconf 89' lang='lat' dir='ltr'>est</span> <span class='ocrx_word' id='word_1_118' title='bbox 1388 1945 1501 2011; x_wconf 85' lang='lat' dir='ltr'>rectis-</span> 
     </span>
     <span class='ocr_line' id='line_1_15' title="bbox 322 2053 1500 2140; baseline -0.002 -22"><span class='ocrx_word' id='word_1_119' title='bbox 322 2054 467 2140; x_wconf 79' lang='lat' dir='ltr'>simeque</span> <span class='ocrx_word' id='word_1_120' title='bbox 499 2055 565 2119; x_wconf 86' lang='lat' dir='ltr'>iarn</span> <span class='ocrx_word' id='word_1_121' title='bbox 592 2053 702 2118; x_wconf 86' lang='lat' dir='ltr'>Haase</span> <span class='ocrx_word' id='word_1_122' title='bbox 730 2054 947 2139; x_wconf 79' lang='lat' dir='ltr'>corruptelam</span> <span class='ocrx_word' id='word_1_123' title='bbox 979 2056 1015 2120; x_wconf 90' lang='lat' dir='ltr'>in</span> <span class='ocrx_word' id='word_1_124' title='bbox 1046 2077 1124 2121; x_wconf 84' lang='lat' dir='ltr'>voce</span> <span class='ocrx_word' id='word_1_125' title='bbox 1155 2059 1201 2120; x_wconf 88' lang='lat' dir='ltr'>ut</span> <span class='ocrx_word' id='word_1_126' title='bbox 1227 2055 1336 2120; x_wconf 89' lang='lat' dir='ltr'>inesse</span> <span class='ocrx_word' id='word_1_127' title='bbox 1368 2055 1500 2118; x_wconf 84' lang='lat' dir='ltr'>conten-</span> 
     </span>
     <span class='ocr_line' id='line_1_16' title="bbox 321 2159 1498 2247; baseline -0.003 -21"><span class='ocrx_word' id='word_1_128' title='bbox 321 2161 386 2246; x_wconf 83' lang='lat' dir='ltr'>dit3</span> <span class='ocrx_word' id='word_1_129' title='bbox 418 2161 550 2247; x_wconf 87' lang='lat' dir='ltr'>scripsit</span> <span class='ocrx_word' id='word_1_130' title='bbox 579 2165 631 2225; x_wconf 89' lang='lat' dir='ltr'>at:</span> <span class='ocrx_word' id='word_1_131' title='bbox 673 2159 729 2225; x_wconf 86' lang='lat' dir='ltr'>sed</span> <span class='ocrx_word' id='word_1_132' title='bbox 762 2160 922 2226; x_wconf 88' lang='lat' dir='ltr'>eiusmodi</span> <span class='ocrx_word' id='word_1_133' title='bbox 954 2161 1155 2227; x_wconf 86' lang='lat' dir='ltr'>antitheseos</span> <span class='ocrx_word' id='word_1_134' title='bbox 1186 2161 1276 2226; x_wconf 89' lang='lat' dir='ltr'>iusta</span> <span class='ocrx_word' id='word_1_135' title='bbox 1303 2182 1407 2226; x_wconf 87' lang='lat' dir='ltr'>causa</span> <span class='ocrx_word' id='word_1_136' title='bbox 1436 2180 1498 2224; x_wconf 91' lang='lat' dir='ltr'>non</span> 
     </span>
     <span class='ocr_line' id='line_1_17' title="bbox 321 2265 1497 2354; baseline -0.003 -21"><span class='ocrx_word' id='word_1_137' title='bbox 321 2267 536 2353; x_wconf 82' lang='lat' dir='ltr'>intellegitur.</span> <span class='ocrx_word' id='word_1_138' title='bbox 603 2265 792 2352; x_wconf 87' lang='lat' dir='ltr'>Nipperdey</span> <span class='ocrx_word' id='word_1_139' title='bbox 838 2266 960 2333; x_wconf 84' lang='lat' dir='ltr'>delevit</span> <span class='ocrx_word' id='word_1_140' title='bbox 1003 2272 1045 2334; x_wconf 93' lang='lat' dir='ltr'>ut</span> <span class='ocrx_word' id='word_1_141' title='bbox 1082 2273 1116 2333; x_wconf 91' lang='lat' dir='ltr'>et</span> <span class='ocrx_word' id='word_1_142' title='bbox 1152 2267 1374 2354; x_wconf 86' lang='lat' dir='ltr'>interpunxit:</span> <span class='ocrx_word' id='word_1_143' title='bbox 1423 2265 1497 2348; x_wconf 84' lang='lat' dir='ltr'>quod</span> 
     </span>
     <span class='ocr_line' id='line_1_18' title="bbox 320 2374 1497 2458; baseline -0.001 -20"><span class='ocrx_word' id='word_1_144' title='bbox 320 2377 480 2458; x_wconf 77' lang='lat' dir='ltr'>aspernati</span> <span class='ocrx_word' id='word_1_145' title='bbox 506 2379 580 2439; x_wconf 84' lang='lat' dir='ltr'>sunt</span> <span class='ocrx_word' id='word_1_146' title='bbox 600 2376 734 2458; x_wconf 64' lang='lat' dir='ltr'>cicures,</span> <span class='ocrx_word' id='word_1_147' title='bbox 756 2374 1003 2455; x_wconf 78' lang='lat' dir='ltr'>quia-arduum:</span> <span class='ocrx_word' id='word_1_148' title='bbox 1026 2375 1097 2440; x_wconf 83' lang='lat' dir='ltr'>belli</span> <span class='ocrx_word' id='word_1_149' title='bbox 1116 2377 1222 2457; x_wconf 79' lang='lat' dir='ltr'>potius</span> <span class='ocrx_word' id='word_1_150' title='bbox 1246 2376 1316 2439; x_wconf 88' lang='lat' dir='ltr'>iure</span> <span class='ocrx_word' id='word_1_151' title='bbox 1339 2375 1497 2447; x_wconf 64' lang='lat' dir='ltr'>cederent</span> 
     </span>
     <span class='ocr_line' id='line_1_19' title="bbox 321 2479 1497 2569; baseline -0.003 -24"><span class='ocrx_word' id='word_1_152' title='bbox 321 2481 379 2546; x_wconf 92' lang='lat' dir='ltr'>sed</span> <span class='ocrx_word' id='word_1_153' title='bbox 408 2481 526 2546; x_wconf 89' lang='lat' dir='ltr'>melius</span> <span class='ocrx_word' id='word_1_154' title='bbox 554 2481 760 2545; x_wconf 86' lang='lat' dir='ltr'>enuntiatum</span> <span class='ocrx_word' id='word_1_155' title='bbox 787 2481 829 2544; x_wconf 87' lang='lat' dir='ltr'>ab</span> <span class='ocrx_word' id='word_1_156' title='bbox 859 2479 951 2565; x_wconf 88' lang='lat' dir='ltr'>quia</span> <span class='ocrx_word' id='word_1_157' title='bbox 979 2481 1138 2566; x_wconf 89' lang='lat' dir='ltr'>incipiens</span> <span class='ocrx_word' id='word_1_158' title='bbox 1164 2487 1203 2546; x_wconf 91' lang='lat' dir='ltr'>ut</span> <span class='ocrx_word' id='word_1_159' title='bbox 1228 2505 1267 2569; x_wconf 74' lang='lat'>⁰¹.</span> <span class='ocrx_word' id='word_1_160' title='bbox 1294 2480 1497 2566; x_wconf 82' lang='lat' dir='ltr'>cogitatione</span> 
     </span>
     <span class='ocr_line' id='line_1_20' title="bbox 321 2585 1495 2673; baseline -0.004 -20"><span class='ocrx_word' id='word_1_161' title='bbox 321 2589 482 2653; x_wconf 80' lang='lat' dir='ltr'>victorum</span> <span class='ocrx_word' id='word_1_162' title='bbox 505 2587 628 2652; x_wconf 85' lang='lat' dir='ltr'>dietum</span> <span class='ocrx_word' id='word_1_163' title='bbox 656 2587 849 2671; x_wconf 61' lang='lat' dir='ltr'>explicatum</span> <span class='ocrx_word' id='word_1_164' title='bbox 878 2588 1003 2673; x_wconf 86' lang='lat' dir='ltr'>itaque,</span> <span class='ocrx_word' id='word_1_165' title='bbox 1031 2609 1105 2652; x_wconf 91' lang='lat' dir='ltr'>cum</span> <span class='ocrx_word' id='word_1_166' title='bbox 1132 2588 1268 2654; x_wconf 90' lang='lat' dir='ltr'>omissio</span> <span class='ocrx_word' id='word_1_167' title='bbox 1297 2585 1495 2653; x_wconf 86' lang='lat' dir='ltr'>coniunctivi</span> 
     </span>
     <span class='ocr_line' id='line_1_21' title="bbox 321 2689 1490 2780; baseline -0.002 -22"><span class='ocrx_word' id='word_1_168' title='bbox 321 2698 446 2778; x_wconf 85' lang='lat' dir='ltr'>esset,</span> <span class='ocrx_word' id='word_1_169' title='bbox 481 2697 520 2758; x_wconf 89' lang='lat' dir='ltr'>ut</span> <span class='ocrx_word' id='word_1_170' title='bbox 551 2697 637 2757; x_wconf 84' lang='lat' dir='ltr'>reete</span> <span class='ocrx_word' id='word_1_171' title='bbox 669 2689 855 2778; x_wconf 86' lang='lat' dir='ltr'>Nipperdey</span> <span class='ocrx_word' id='word_1_172' title='bbox 888 2694 930 2758; x_wconf 91' lang='lat' dir='ltr'>ad</span> <span class='ocrx_word' id='word_1_173' title='bbox 959 2693 1273 2780; x_wconf 79' lang='lat' dir='ltr'>An.-17p.10,3</span> <span class='ocrx_word' id='word_1_174' title='bbox 1312 2693 1490 2776; x_wconf 79' lang='lat' dir='ltr'>adnotavit,</span> 
     </span>
     <span class='ocr_line' id='line_1_22' title="bbox 320 2798 1493 2886; baseline -0.002 -22"><span class='ocrx_word' id='word_1_175' title='bbox 320 2822 387 2864; x_wconf 89' lang='lat' dir='ltr'>non</span> <span class='ocrx_word' id='word_1_176' title='bbox 410 2799 617 2884; x_wconf 88' lang='lat' dir='ltr'>admittatur,</span> <span class='ocrx_word' id='word_1_177' title='bbox 640 2798 706 2863; x_wconf 87' lang='lat' dir='ltr'>nisi</span> <span class='ocrx_word' id='word_1_178' title='bbox 729 2799 812 2864; x_wconf 88' lang='lat' dir='ltr'>alius</span> <span class='ocrx_word' id='word_1_179' title='bbox 836 2799 1061 2865; x_wconf 83' lang='lat' dir='ltr'>coniunctivus</span> <span class='ocrx_word' id='word_1_180' title='bbox 1089 2801 1203 2866; x_wconf 87' lang='lat' dir='ltr'>eadem</span> <span class='ocrx_word' id='word_1_181' title='bbox 1233 2801 1363 2866; x_wconf 86' lang='lat' dir='ltr'>ratione</span> <span class='ocrx_word' id='word_1_182' title='bbox 1392 2822 1493 2886; x_wconf 87' lang='lat' dir='ltr'>gram-</span> 
     </span>
     <span class='ocr_line' id='line_1_23' title="bbox 321 2905 1493 2991; baseline -0.003 -20"><span class='ocrx_word' id='word_1_183' title='bbox 321 2906 443 2971; x_wconf 88' lang='lat' dir='ltr'>matica</span> <span class='ocrx_word' id='word_1_184' title='bbox 471 2907 598 2991; x_wconf 89' lang='lat' dir='ltr'>positus</span> <span class='ocrx_word' id='word_1_185' title='bbox 621 2905 784 2990; x_wconf 90' lang='lat' dir='ltr'>sequitur,</span> <span class='ocrx_word' id='word_1_186' title='bbox 806 2905 898 2991; x_wconf 81' lang='lat' dir='ltr'>legas</span> <span class='ocrx_word' id='word_1_187' title='bbox 921 2907 1032 2971; x_wconf 81' lang='lat' dir='ltr'>velim:</span> <span class='ocrx_word' id='word_1_188' title='bbox 1120 2909 1256 2972; x_wconf 84' lang='lat' dir='ltr'>arduum</span> <span class='ocrx_word' id='word_1_189' title='bbox 1285 2913 1401 2973; x_wconf 86' lang='lat' dir='ltr'>esset:</span> <span class='ocrx_word' id='word_1_190' title='bbox 1429 2905 1493 2970; x_wconf 84' lang='lat' dir='ltr'>belli</span> 
     </span>
     <span class='ocr_line' id='line_1_24' title="bbox 315 2993 1601 3095; baseline -0.005 -18"><span class='ocrx_word' id='word_1_191' title='bbox 315 3013 423 3095; x_wconf 69' lang='lat' dir='ltr'>potitus</span> <span class='ocrx_word' id='word_1_192' title='bbox 444 3013 513 3076; x_wconf 86' lang='lat' dir='ltr'>iure</span> <span class='ocrx_word' id='word_1_193' title='bbox 534 3013 681 3077; x_wconf 85' lang='lat' dir='ltr'>caderent.</span> <span class='ocrx_word' id='word_1_194' title='bbox 1600 2993 1601 3019; x_wconf 55' lang='lat'>¹</span> 
     </span>
     <span class='ocr_line' id='line_1_25' title="bbox 411 3116 1491 3186; baseline 0.002 -5"><span class='ocrx_word' id='word_1_195' title='bbox 411 3116 534 3182; x_wconf 83' lang='lat' dir='ltr'>Locum</span> <span class='ocrx_word' id='word_1_196' title='bbox 575 3117 738 3182; x_wconf 88' lang='lat' dir='ltr'>enuntiati</span> <span class='ocrx_word' id='word_1_197' title='bbox 779 3119 917 3184; x_wconf 88' lang='lat' dir='ltr'>causalis</span> <span class='ocrx_word' id='word_1_198' title='bbox 962 3124 1054 3185; x_wconf 88' lang='lat' dir='ltr'>tenet</span> <span class='ocrx_word' id='word_1_199' title='bbox 1098 3120 1263 3186; x_wconf 82' lang='lat' dir='ltr'>ablativus</span> <span class='ocrx_word' id='word_1_200' title='bbox 1310 3121 1491 3186; x_wconf 86' lang='lat' dir='ltr'>absolutus:</span> 
     </span>
    </p>
   </div>
   <div class='ocr_carea' id='block_1_3' title="bbox 321 3223 1600 3322">
    <p class='ocr_par' dir='ltr' id='par_1_3' title="bbox 321 3223 1600 3322">
     <span class='ocr_line' id='line_1_26' title="bbox 321 3223 1600 3322; baseline 0.002 -33"><span class='ocrx_word' id='word_1_201' title='bbox 321 3224 363 3290; x_wconf 90' lang='grc' dir='ltr'>Η.</span> <span class='ocrx_word' id='word_1_202' title='bbox 371 3223 421 3289; x_wconf 92' lang='lat' dir='ltr'>IV</span> <span class='ocrx_word' id='word_1_203' title='bbox 435 3224 533 3309; x_wconf 79' lang='lat'><strong>76,5:</strong></span> <span class='ocrx_word' id='word_1_204' title='bbox 564 3224 662 3287; x_wconf 79' lang='lat' dir='ltr'>Tutor</span> <span class='ocrx_word' id='word_1_205' title='bbox 687 3226 877 3289; x_wconf 67' lang='lat' dir='ltr'>mandatione</span> <span class='ocrx_word' id='word_1_206' title='bbox 903 3246 1032 3291; x_wconf 69' lang='lat' dir='ltr'>noscere</span> <span class='ocrx_word' id='word_1_207' title='bbox 1057 3248 1122 3291; x_wconf 89' lang='lat' dir='ltr'>rem</span> <span class='ocrx_word' id='word_1_208' title='bbox 1145 3227 1326 3291; x_wconf 72' lang='lat' dir='ltr'>Romarm</span> <span class='ocrx_word' id='word_1_209' title='bbox 1349 3229 1504 3310; x_wconf 75' lang='lat' dir='ltr'>adfirma-¹</span> <span class='ocrx_word' id='word_1_210' title='bbox 1599 3309 1600 3322; x_wconf 43' lang='lat'>,</span> 
     </span>
    </p>
   </div>
   <div class='ocr_carea' id='block_1_4' title="bbox 320 3330 1492 3630">
    <p class='ocr_par' dir='ltr' id='par_1_4' title="bbox 320 3330 1492 3630">
     <span class='ocr_line' id='line_1_27' title="bbox 321 3330 1492 3414; baseline -0.001 -18"><span class='ocrx_word' id='word_1_211' title='bbox 321 3332 388 3414; x_wconf 82' lang='lat' dir='ltr'>bat,</span> <span class='ocrx_word' id='word_1_212' title='bbox 426 3330 601 3394; x_wconf 69' lang='lat' dir='ltr'>coeuntutus</span> <span class='ocrx_word' id='word_1_213' title='bbox 631 3331 768 3411; x_wconf 81' lang='lat' dir='ltr'>undique</span> <span class='ocrx_word' id='word_1_214' title='bbox 797 3332 992 3397; x_wconf 57' lang='lat' dir='ltr'>exercitulum</span> <span class='ocrx_word' id='word_1_215' title='bbox 1035 3337 1237 3398; x_wconf 65' lang='lat' dir='ltr'>namnetem</span> <span class='ocrx_word' id='word_1_216' title='bbox 1273 3355 1290 3398; x_wconf 93' lang='lat' dir='ltr'>e</span> <span class='ocrx_word' id='word_1_217' title='bbox 1322 3333 1492 3399; x_wconf 79' lang='lat' dir='ltr'>Britannia</span> 
     </span>
     <span class='ocr_line' id='line_1_28' title="bbox 321 3437 1490 3522; baseline 0 -22"><span class='ocrx_word' id='word_1_218' title='bbox 321 3438 483 3522; x_wconf 63' lang='lat' dir='ltr'>helenen,</span> <span class='ocrx_word' id='word_1_219' title='bbox 514 3437 629 3500; x_wconf 81' lang='lat' dir='ltr'>accitas</span> <span class='ocrx_word' id='word_1_220' title='bbox 659 3457 696 3500; x_wconf 84' lang='lat' dir='ltr'>er</span> <span class='ocrx_word' id='word_1_221' title='bbox 727 3437 903 3521; x_wconf 74' lang='lat' dir='ltr'>IIispania,</span> <span class='ocrx_word' id='word_1_222' title='bbox 941 3441 1107 3504; x_wconf 74' lang='lat' dir='ltr'>aduertere</span> <span class='ocrx_word' id='word_1_223' title='bbox 1136 3461 1174 3505; x_wconf 80' lang='lat' dir='ltr'>ee</span> <span class='ocrx_word' id='word_1_224' title='bbox 1206 3440 1327 3517; x_wconf 54' lang='lat' dir='ltr'>italum</span> <span class='ocrx_word' id='word_1_225' title='bbox 1359 3477 1406 3487; x_wconf 93' lang='lat'>-</span> <span class='ocrx_word' id='word_1_226' title='bbox 1438 3439 1490 3503; x_wconf 85' lang='lat' dir='ltr'>An.</span> 
     </span>
     <span class='ocr_line' id='line_1_29' title="bbox 320 3543 1491 3630; baseline 0.001 -21"><span class='ocrx_word' id='word_1_227' title='bbox 320 3543 386 3609; x_wconf 87' lang='grc' dir='ltr'>ΧΠ</span> <span class='ocrx_word' id='word_1_228' title='bbox 400 3544 431 3628; x_wconf 83' lang='grc'>5,</span> <span class='ocrx_word' id='word_1_229' title='bbox 445 3543 466 3606; x_wconf 87' lang='lat'><strong>3</strong></span> <span class='ocrx_word' id='word_1_230' title='bbox 481 3564 564 3627; x_wconf 86' lang='lat' dir='ltr'>seq.:</span> <span class='ocrx_word' id='word_1_231' title='bbox 597 3543 725 3606; x_wconf 68' lang='lat' dir='ltr'>nudum</span> <span class='ocrx_word' id='word_1_232' title='bbox 751 3544 900 3608; x_wconf 83' lang='lat' dir='ltr'>celebrere</span> <span class='ocrx_word' id='word_1_233' title='bbox 926 3546 1087 3611; x_wconf 71' lang='lat' dir='ltr'>sollennia</span> <span class='ocrx_word' id='word_1_234' title='bbox 1120 3548 1306 3630; x_wconf 77' lang='lat' dir='ltr'>nuptiarum</span> <span class='ocrx_word' id='word_1_235' title='bbox 1336 3547 1491 3628; x_wconf 71' lang='lat' dir='ltr'>credebaut,</span> 
     </span>
    </p>
   </div>
   <div class='ocr_carea' id='block_1_5' title="bbox 319 3649 1599 3843">
    <p class='ocr_par' dir='ltr' id='par_1_5' title="bbox 319 3649 1599 3843">
     <span class='ocr_line' id='line_1_30' title="bbox 319 3649 1599 3750; baseline -0.001 -35"><span class='ocrx_word' id='word_1_236' title='bbox 319 3651 407 3715; x_wconf 72' lang='lat' dir='ltr'>ucello</span> <span class='ocrx_word' id='word_1_237' title='bbox 429 3649 565 3731; x_wconf 69' lang='lat' dir='ltr'>meapte</span> <span class='ocrx_word' id='word_1_238' title='bbox 586 3649 731 3712; x_wconf 84' lang='lat' dir='ltr'>deductae</span> <span class='ocrx_word' id='word_1_239' title='bbox 751 3649 786 3713; x_wconf 88' lang='lat' dir='ltr'>in</span> <span class='ocrx_word' id='word_1_240' title='bbox 815 3651 939 3714; x_wconf 76' lang='lat' dir='ltr'>dorum</span> <span class='ocrx_word' id='word_1_241' title='bbox 954 3654 1067 3734; x_wconf 76' lang='lat' dir='ltr'>patui</span> <span class='ocrx_word' id='word_1_242' title='bbox 1094 3654 1208 3734; x_wconf 81' lang='lat' dir='ltr'>fratris</span> <span class='ocrx_word' id='word_1_243' title='bbox 1236 3654 1343 3736; x_wconf 77' lang='lat' dir='ltr'>filiae:</span> <span class='ocrx_word' id='word_1_244' title='bbox 1373 3655 1450 3736; x_wconf 82' lang='lat' dir='ltr'>quin</span> <span class='ocrx_word' id='word_1_245' title='bbox 1469 3656 1492 3714; x_wconf 80' lang='lat' dir='ltr'>el</span> <span class='ocrx_word' id='word_1_246' title='bbox 1598 3707 1599 3750; x_wconf 66' lang='lat'>,</span> 
     </span>
     <span class='ocr_line' id='line_1_31' title="bbox 319 3751 1491 3843; baseline 0.001 -22"><span class='ocrx_word' id='word_1_247' title='bbox 319 3759 468 3821; x_wconf 73' lang='lat' dir='ltr'>incertum</span> <span class='ocrx_word' id='word_1_248' title='bbox 487 3751 588 3840; x_wconf 84' lang='lat' dir='ltr'>(esse)</span> <span class='ocrx_word' id='word_1_249' title='bbox 610 3775 662 3840; x_wconf 81' lang='lat' dir='ltr'>ce,</span> <span class='ocrx_word' id='word_1_250' title='bbox 684 3757 714 3819; x_wconf 83' lang='lat' dir='ltr'>si</span> <span class='ocrx_word' id='word_1_251' title='bbox 734 3762 940 3842; x_wconf 76' lang='lat' dir='ltr'>sperneretur,</span> <span class='ocrx_word' id='word_1_252' title='bbox 962 3778 1000 3821; x_wconf 91' lang='lat' dir='ltr'>ne</span> <span class='ocrx_word' id='word_1_253' title='bbox 1021 3758 1056 3822; x_wconf 89' lang='lat' dir='ltr'>in</span> <span class='ocrx_word' id='word_1_254' title='bbox 1077 3760 1197 3824; x_wconf 84' lang='lat' dir='ltr'>melum</span> <span class='ocrx_word' id='word_1_255' title='bbox 1213 3761 1378 3843; x_wconf 84' lang='lat' dir='ltr'>putlicum</span> <span class='ocrx_word' id='word_1_256' title='bbox 1402 3779 1491 3823; x_wconf 80' lang='lat' dir='ltr'>eum-</span> 
     </span>
    </p>
   </div>
   <div class='ocr_carea' id='block_1_6' title="bbox 313 3860 1490 3952">
    <p class='ocr_par' dir='ltr' id='par_1_6' title="bbox 313 3860 1490 3952">
     <span class='ocr_line' id='line_1_32' title="bbox 313 3860 1490 3952; baseline 0.002 -28"><span class='ocrx_word' id='word_1_257' title='bbox 313 3867 403 3946; x_wconf 83' lang='lat' dir='ltr'>peret</span> <span class='ocrx_word' id='word_1_258' title='bbox 423 3861 620 3925; x_wconf 66' lang='lat' dir='ltr'>metudctur.</span> <span class='ocrx_word' id='word_1_259' title='bbox 639 3873 683 3906; x_wconf 84' lang='lat'>&#39;-</span> <span class='ocrx_word' id='word_1_260' title='bbox 708 3860 918 3948; x_wconf 86' lang='lat' dir='ltr'>Participium</span> <span class='ocrx_word' id='word_1_261' title='bbox 945 3864 1230 3949; x_wconf 88' lang='lat' dir='ltr'>appositionaliter</span> <span class='ocrx_word' id='word_1_262' title='bbox 1254 3867 1404 3952; x_wconf 87' lang='lat' dir='ltr'>positum</span> <span class='ocrx_word' id='word_1_263' title='bbox 1430 3864 1490 3930; x_wconf 87' lang='lat' dir='ltr'>vice</span> 
     </span>
    </p>
   </div>
   <div class='ocr_carea' id='block_1_7' title="bbox 319 3967 1598 4162">
    <p class='ocr_par' dir='ltr' id='par_1_7' title="bbox 319 3967 1598 4162">
     <span class='ocr_line' id='line_1_33' title="bbox 320 3967 1598 4056; baseline 0.005 -24"><span class='ocrx_word' id='word_1_264' title='bbox 320 3967 483 4032; x_wconf 89' lang='lat' dir='ltr'>enuntiati</span> <span class='ocrx_word' id='word_1_265' title='bbox 514 3967 655 4032; x_wconf 87' lang='lat' dir='ltr'>causalis</span> <span class='ocrx_word' id='word_1_266' title='bbox 684 3967 846 4052; x_wconf 86' lang='lat' dir='ltr'>fungitur:</span> <span class='ocrx_word' id='word_1_267' title='bbox 875 3967 936 4033; x_wconf 89' lang='lat' dir='ltr'>An.</span> <span class='ocrx_word' id='word_1_268' title='bbox 950 3968 967 4034; x_wconf 95' lang='lat' dir='ltr'>I</span> <span class='ocrx_word' id='word_1_269' title='bbox 982 3971 1034 4055; x_wconf 82' lang='lat'>79,</span> <span class='ocrx_word' id='word_1_270' title='bbox 1048 3972 1068 4036; x_wconf 92' lang='grc'>8</span> <span class='ocrx_word' id='word_1_271' title='bbox 1083 3993 1163 4056; x_wconf 89' lang='lat' dir='ltr'>seq.:</span> <span class='ocrx_word' id='word_1_272' title='bbox 1192 3994 1247 4038; x_wconf 85' lang='lat' dir='ltr'>nee</span> <span class='ocrx_word' id='word_1_273' title='bbox 1268 3973 1404 4039; x_wconf 84' lang='lat' dir='ltr'>Reatini</span> <span class='ocrx_word' id='word_1_274' title='bbox 1430 3971 1490 4037; x_wconf 81' lang='lat' dir='ltr'>sile·</span> <span class='ocrx_word' id='word_1_275' title='bbox 1597 4015 1598 4048; x_wconf 51' lang='lat'><em>2</em></span> 
     </span>
     <span class='ocr_line' id='line_1_34' title="bbox 319 4070 1598 4162; baseline 0.002 -24"><span class='ocrx_word' id='word_1_276' title='bbox 319 4075 407 4158; x_wconf 85' lang='lat' dir='ltr'>bunt,</span> <span class='ocrx_word' id='word_1_277' title='bbox 445 4070 588 4138; x_wconf 82' lang='lat' dir='ltr'>Velinum</span> <span class='ocrx_word' id='word_1_278' title='bbox 620 4073 861 4138; x_wconf 82' lang='lat' dir='ltr'>lucum-obstrui</span> <span class='ocrx_word' id='word_1_279' title='bbox 889 4082 1074 4162; x_wconf 71' lang='lat' dir='ltr'>renuentes,</span> <span class='ocrx_word' id='word_1_280' title='bbox 1110 4080 1222 4161; x_wconf 76' lang='lat' dir='ltr'>quippe</span> <span class='ocrx_word' id='word_1_281' title='bbox 1252 4085 1288 4144; x_wconf 87' lang='lat' dir='ltr'>in</span> <span class='ocrx_word' id='word_1_282' title='bbox 1321 4079 1488 4146; x_wconf 57' lang='lat' dir='ltr'>ducenta</span> <span class='ocrx_word' id='word_1_283' title='bbox 1597 4133 1598 4136; x_wconf 67' lang='grc'>,</span> 
     </span>
    </p>
   </div>
   <div class='ocr_carea' id='block_1_8' title="bbox 318 4179 1597 4485">
    <p class='ocr_par' dir='ltr' id='par_1_8' title="bbox 318 4179 1597 4485">
     <span class='ocr_line' id='line_1_35' title="bbox 318 4179 1489 4278; baseline 0.004 -35"><span class='ocrx_word' id='word_1_284' title='bbox 318 4185 516 4278; x_wconf 71' lang='lat' dir='ltr'>erupturum:</span> <span class='ocrx_word' id='word_1_285' title='bbox 539 4185 660 4261; x_wconf 73' lang='lat' dir='ltr'>opium</span> <span class='ocrx_word' id='word_1_286' title='bbox 682 4179 772 4244; x_wconf 84' lang='lat' dir='ltr'>rebus</span> <span class='ocrx_word' id='word_1_287' title='bbox 794 4181 972 4246; x_wconf 59' lang='lat' dir='ltr'>meletium</span> <span class='ocrx_word' id='word_1_288' title='bbox 985 4184 1173 4250; x_wconf 72' lang='lat' dir='ltr'>conualuisse</span> <span class='ocrx_word' id='word_1_289' title='bbox 1191 4191 1345 4251; x_wconf 73' lang='lat' dir='ltr'>nutrirem</span> <span class='ocrx_word' id='word_1_290' title='bbox 1364 4192 1400 4252; x_wconf 91' lang='lat' dir='ltr'>et</span> <span class='ocrx_word' id='word_1_291' title='bbox 1413 4209 1442 4271; x_wconf 87' lang='lat' dir='ltr'>q.</span> <span class='ocrx_word' id='word_1_292' title='bbox 1455 4205 1489 4266; x_wconf 86' lang='lat' dir='ltr'>s.;</span> 
     </span>
     <span class='ocr_line' id='line_1_36' title="bbox 319 4285 1597 4379; baseline 0.001 -28"><span class='ocrx_word' id='word_1_293' title='bbox 319 4287 445 4352; x_wconf 91' lang='lat' dir='ltr'>accedit</span> <span class='ocrx_word' id='word_1_294' title='bbox 477 4285 584 4350; x_wconf 88' lang='lat' dir='ltr'>forma</span> <span class='ocrx_word' id='word_1_295' title='bbox 615 4285 886 4368; x_wconf 80' lang='lat' dir='ltr'>interrogationis</span> <span class='ocrx_word' id='word_1_296' title='bbox 919 4286 1110 4354; x_wconf 87' lang='lat' dir='ltr'>rhetoricae:</span> <span class='ocrx_word' id='word_1_297' title='bbox 1140 4290 1202 4356; x_wconf 83' lang='lat' dir='ltr'>An.</span> <span class='ocrx_word' id='word_1_298' title='bbox 1214 4291 1296 4357; x_wconf 84' lang='lat' dir='ltr'>XVI</span> <span class='ocrx_word' id='word_1_299' title='bbox 1320 4295 1381 4379; x_wconf 79' lang='lat'>29,</span> <span class='ocrx_word' id='word_1_300' title='bbox 1399 4293 1433 4358; x_wconf 86' lang='lat'>5:</span> <span class='ocrx_word' id='word_1_301' title='bbox 1467 4294 1490 4352; x_wconf 89' lang='lat' dir='ltr'>el</span> <span class='ocrx_word' id='word_1_302' title='bbox 1596 4299 1597 4320; x_wconf 85' lang='lat'>³</span> 
     </span>
     <span class='ocr_line' id='line_1_37' title="bbox 318 4392 1491 4485; baseline 0.003 -28"><span class='ocrx_word' id='word_1_303' title='bbox 318 4398 409 4457; x_wconf 68' lang='lat' dir='ltr'>mant</span> <span class='ocrx_word' id='word_1_304' title='bbox 438 4393 494 4474; x_wconf 81' lang='lat' dir='ltr'>qui</span> <span class='ocrx_word' id='word_1_305' title='bbox 525 4392 707 4455; x_wconf 84' lang='lat' dir='ltr'>Heluidium</span> <span class='ocrx_word' id='word_1_306' title='bbox 738 4411 854 4472; x_wconf 74' lang='lat' dir='ltr'>qrwproe</span> <span class='ocrx_word' id='word_1_307' title='bbox 884 4393 1117 4481; x_wconf 73' lang='lat' dir='ltr'>miserarentur,</span> <span class='ocrx_word' id='word_1_308' title='bbox 1145 4399 1296 4463; x_wconf 71' lang='lat' dir='ltr'>innoxiae</span> <span class='ocrx_word' id='word_1_309' title='bbox 1324 4397 1491 4485; x_wconf 72' lang='lat' dir='ltr'>adfinitatis</span> 
     </span>
    </p>
   </div>
   <div class='ocr_carea' id='block_1_9' title="bbox 311 4496 1597 4590">
    <p class='ocr_par' dir='ltr' id='par_1_9' title="bbox 311 4496 1597 4590">
     <span class='ocr_line' id='line_1_38' title="bbox 311 4496 1597 4590; baseline 0.005 -27"><span class='ocrx_word' id='word_1_310' title='bbox 311 4521 431 4583; x_wconf 84' lang='lat' dir='ltr'>poenas</span> <span class='ocrx_word' id='word_1_311' title='bbox 459 4501 629 4564; x_wconf 80' lang='lat' dir='ltr'>daturum:</span> <span class='ocrx_word' id='word_1_312' title='bbox 658 4497 735 4577; x_wconf 77' lang='lat' dir='ltr'>quid</span> <span class='ocrx_word' id='word_1_313' title='bbox 763 4496 936 4578; x_wconf 73' lang='lat' dir='ltr'>Ayrnppino</span> <span class='ocrx_word' id='word_1_314' title='bbox 969 4500 1115 4565; x_wconf 58' lang='lat' dir='ltr'>obertum</span> <span class='ocrx_word' id='word_1_315' title='bbox 1150 4505 1216 4568; x_wconf 76' lang='lat' dir='ltr'>nisi</span> <span class='ocrx_word' id='word_1_316' title='bbox 1245 4507 1368 4572; x_wconf 75' lang='lat' dir='ltr'>tristem</span> <span class='ocrx_word' id='word_1_317' title='bbox 1394 4504 1491 4590; x_wconf 63' lang='lat' dir='ltr'>mus</span> <span class='ocrx_word' id='word_1_318' title='bbox 1596 4497 1597 4536; x_wconf 69' lang='lat'>;</span> 
     </span>
    </p>
   </div>
   <div class='ocr_carea' id='block_1_10' title="bbox 0 0 1606 5284">
    <p class='ocr_par' dir='ltr' id='par_1_10' title="bbox 0 0 1606 5284">
     <span class='ocr_line' id='line_1_39' title="bbox 0 0 1606 5284; baseline 0 1"><span class='ocrx_word' id='word_1_319' title='bbox 0 0 1606 5284; x_wconf 95' lang='lat' dir='ltr'> </span> 
     </span>
    </p>
   </div>
  </div>
 </body>
</html>
