3242 5284
769 431 989 496 ..60-

462 592 492 658 5.
516 614 606 657 casu
630 592 806 678 obliquo,
833 613 943 676 quem
970 589 1150 677 sequitur
1172 590 1302 657 oratio

295 717 438 803 obliqua,
456 717 618 783 indicatur
637 716 771 782 omissio
788 716 880 782 'verbi
899 716 1028 782 dicendi
1044 716 1107 790 boe
1129 738 1194 780 uno
1219 740 1316 802 quem
1340 716 1480 782 enotavi

293 825 379 889 loeo:
402 823 674 910 H.11138‚142.
696 845 826 890 ceresam
847 824 1036 904 confusiones
1058 825 1233 903 quaerenti,
1262 846 1328 890 nore
1349 845 1383 890 ee
1398 845 1480 907 pre·

289 933 364 1015 prio
387 937 469 996 neate
491 930 617 997 neceni
639 933 786 1017 amium,
812 931 867 996 sed
880 952 942 1014 pro
962 929 1119 1009 fratre...
1130 953 1238 1015 precoe
1266 932 1481 1013 hiemesque

295 1039 442 1104 attulisse.

844 1288 918 1368 ee.

295 1422 453 1496 Verbum
476 1429 620 1496 finitum
644 1428 833 1496 emittitur
855 1428 895 1494 in
912 1428 1112 1496 enuntiatis
1131 1430 1303 1498 brevibus
1323 1433 1480 1516 propter

539 1536 717 1604 erationis
740 1537 900 1618 vigerem
924 1537 1223 1618 gravitatemque.

383 1661 516 1728 Tacitus
544 1663 580 1728 in
607 1664 719 1729 vivida
748 1663 895 1728 oratione
925 1663 1096 1728 enuntiata
1122 1663 1319 1730 brevissime
1349 1667 1477 1732 omisso

297 1768 394 1834 verbe
416 1770 637 1855 praedicativo
660 1771 748 1836 haud
770 1792 843 1834 raro
867 1769 1082 1834 conformavit
1104 1771 1235 1836 nomine
1255 1772 1397 1838 subiecti
1416 1776 1478 1838 aut

295 1877 365 1941 solo
389 1877 498 1961 posito
522 1882 580 1943 aut
603 1899 676 1942 cum
698 1876 832 1942 notione
851 1875 1045 1942 attributiva
1067 1878 1118 1942 vel
1142 1878 1265 1944 modali
1289 1879 1477 1946 coniuncta

294 1982 441 2049 Verbum
472 1984 727 2069 praedicativum
765 2006 862 2048 sensu
899 1985 1063 2049 communi
1099 1984 1322 2052 desideratum
1355 1990 1477 2071 sponte

295 2091 389 2176 quasi
413 2091 536 2157 occurit
558 2097 616 2157 aut
639 2114 678 2157 ex
700 2091 773 2177 ipsa
795 2091 936 2156 nominis
959 2090 1098 2157 subiecti
1121 2093 1380 2180 significatione,
1409 2117 1477 2179 qua

295 2199 385 2264 verbi
410 2198 524 2264 omissi
546 2204 665 2265 nature
683 2197 958 2264 circumscribitur
977 2195 1031 2284 (ef.
1048 2199 1090 2264 Η.
1103 2199 1122 2264 Ι
1136 2201 1190 2285 40,
1207 2201 1228 2264 3
1246 2221 1345 2283 neque
1359 2201 1479 2284 pepuli

294 2311 350 2371 aut
365 2305 467 2389 piebis
487 2307 556 2371 ulla
581 2325 656 2372 voe:
681 2310 773 2391 patet
795 2305 1012 2391 supplendum
1034 2327 1106 2371 esse
1125 2305 1392 2397 audiebatur),
1416 2314 1477 2376 aut

294 2436 333 2479 ex
351 2413 485 2479 notione
509 2412 631 2478 modali
649 2411 702 2501 (ut
720 2413 883 2478 adverbiis
900 2412 974 2498 loci,
996 2410 1052 2499 al.)
1071 2416 1129 2478 aut
1151 2436 1191 2479 ex
1214 2419 1287 2480 toto
1312 2416 1476 2481 orationis

293 2521 419 2586 habitu.
466 2519 584 2586 Utrum
611 2521 674 2586 hoe
701 2543 743 2584 an
769 2519 851 2584 illud
884 2519 1020 2584 verbum
1048 2521 1170 2586 rectius
1200 2523 1408 2608 suppleatur,
1434 2526 1476 2588 ut

293 2651 408 2694 sensus
431 2628 581 2693 absolute
603 2626 800 2712 perficiatur,
823 2647 919 2712 saepe
942 2626 997 2691 vix
1019 2627 1084 2692 dici
1105 2632 1226 2714 petest,
1249 2628 1328 2714 quie
1351 2633 1477 2716 orator,

294 2757 367 2801 eum
390 2736 438 2801 ita
460 2735 605 2801 breviter
628 2733 794 2818 scriberet,
816 2732 886 2818 ipse
909 2733 1099 2819 plerumque
1121 2757 1189 2801 non
1211 2739 1281 2801 tem
1305 2736 1347 2802 ad
1370 2759 1475 2802 unum

294 2847 415 2908 certum
440 2841 590 2928 verbum,
613 2864 712 2926 quam
735 2841 775 2905 ad
799 2840 895 2905 unius
918 2840 1046 2927 generis
1069 2841 1169 2907 verba
1192 2848 1359 2928 spectasse
1382 2844 1474 2910 vide-

293 2955 356 3017 tur.
401 2948 506 3035 Saepe
529 2948 679 3015 dubitare
701 2949 792 3034 lieet,
821 2953 932 3012 utrum
960 2948 995 3012 in
1025 2948 1204 3014 enuntiatis
1235 2950 1277 3015 ab
1306 2950 1475 3017 adverbiis

294 3058 406 3143 unde,
437 3057 538 3142 inde,
568 3055 657 3121 hine
688 3054 919 3141 incipientibus
945 3054 1081 3120 verbum
1112 3079 1199 3121 ease
1229 3057 1475 3142 significatione

293 3165 386 3230 verbi
417 3163 577 3229 existendi
605 3163 790 3249 praeditum
819 3184 860 3226 an
888 3161 976 3227 aliud
1004 3162 1148 3228 eiusdem
1176 3165 1306 3250 generis
1334 3165 1475 3232 verbum

293 3271 510 3357 supplendum
545 3271 599 3336 sit.
637 3267 692 3356 (ef.
721 3269 821 3334 etiem
847 3266 1356 3354 Andresen,Jabresber.18'Ii
1382 3296 1419 3428 p..
1428 3273 1473 3339 59

293 3378 414 3444 a9et
435 3378 521 3463 1bp
537 3374 680 3464 73a1.)

384 3523 411 3586 1.
420 3519 646 3587 Iuenunbatls
653 3519 805 3585 brevrbus
805 3541 904 3604 quae
912 3523 1064 3585 constant
1071 3523 1128 3585 aut
1136 3542 1314 3587 exnomme
1322 3522 1474 3589 subrecto

292 3632 327 3695 et
348 3629 481 3694 notione
505 3629 536 3693 ei
558 3627 712 3692 adiuncta
734 3626 928 3691 attributive
946 3626 998 3691 vel
1022 3626 1208 3713 modah'ter,
1236 3633 1294 3694 aut
1326 3653 1366 3695 ex
1390 3630 1474 3695 solis

290 3736 478 3802 nominibus
502 3735 651 3820 subiecti,

382 3876 414 3965 a)
438 3879 562 3944 formae
580 3878 672 3943 verbi
690 3875 770 3943 fleri
785 3874 1036 3964 (gescheben,
1055 3877 1309 3964 stattfinden,
1328 3878 1474 3966 geben)

291 3986 438 4073 suppleri
458 3990 611 4072 possunt:

381 4129 605 4216 H.116‚9s10:
627 4129 717 4195 aulen
731 4128 839 4193 seditio
854 4127 1014 4213 lapiomrm,
1030 4131 1152 4191 tantem
1166 4129 1315 4194 adversus
1332 4128 1475 4197 Parthos

291 4239 404 4323 minae,
426 4239 514 4303 vario
536 4242 659 4314 etenim
679 4274 719 4282 --
739 4234 1035 4320 H.1.65‚12:aoe
1056 4234 1122 4298 ium
1147 4239 1261 4300 secreta
1287 4236 1475 4322 amet,

292 4347 345 4410 sed
367 4344 511 4428 petreae
525 4365 650 4429 praem
676 4380 712 4389 —
738 4342 839 4428 1121,
858 4341 966 4426 17s18:
994 4342 1150 4422 utrimque
1165 4343 1287 4428 pudor,
1313 4345 1476 4428 utrimque

289 4451 393 4534 pieria
419 4457 448 4517 et
473 4453 614 4518 diversae
639 4451 880 4526 exhortationes
901 4485 945 4497 —
969 4447 1122 4554 V16,b:
1153 4449 1323 4516 exhortatio
1354 4452 1477 4519 dream
