3242 5284
613 490 831 556 ,17-

138 647 193 712 λοι
223 653 313 713 tento
342 651 424 729 [tues
452 648 523 714 add.
550 648 849 732 Eberh.·Hirsohi.]
872 653 1001 732 (areana
1023 651 1143 718 bonitas
1167 653 1307 733 [lenilosc

137 753 278 836 nb.-H.]
299 761 387 820 tante
412 777 474 821 uon
498 761 572 822 esset
594 777 687 839 qurum
708 763 741 822 tn
752 777 812 840 per
830 763 869 843 le,
886 780 945 842 per
968 760 1152 844 teinqnorn
1175 760 1288 826 obtines
1296 781 1306 824 .·

137 862 287 946 intellepO,
319 864 397 941 qnid
425 861 563 946 loqunr“.
614 863 723 929 Tucnit
752 866 835 929 enirn
865 866 957 951 illud,
988 868 1072 946 qnod
1104 867 1308 933 nibilominus

138 971 314 1053 compienne,
332 991 394 1035 non
413 971 510 1036 deesse
531 971 669 1036 λονιιῗιιιε
691 973 746 1054 qui
768 974 812 1038 cd
828 973 1035 1039 crudelitatem
1053 995 1122 1038 curn
1139 974 1307 1056 impellant.

138 1075 317 1141 Absciditnr
328 1097 388 1160 per
411 1071 704 1162 ἀποσιώπησιν,
728 1096 806 1157 quoe
827 1082 975 1159 qnorriarn
989 1085 1033 1146 eet
1048 1081 1151 1163 fiperru
1169 1083 1308 1146 reddetur

136 1203 191 1247 sno
223 1183 294 1250 loco.
341 1180 537 1269 Comparare
569 1184 647 1250 licet
681 1184 762 1250 illud
790 1186 1229 1252 Phoebammonianum
1257 1211 1307 1273 ap.

138 1288 241 1354 Wulz.
259 1289 341 1355 VIII
360 1314 390 1377 p.
401 1291 482 1377 505,
501 1290 652 1377 Spengel.
671 1293 722 1357 III
741 1318 774 1379 p.-
791 1293 846 1359 50:
871 1291 950 1375 „nul
971 1296 1061 1358 ἔστιν
1081 1289 1307 1374 ἀποσιώπησις

136 1397 282 1474 ἔκλειψις
292 1394 454 1481 παντελὴς
465 1399 525 1464 τοῦ
538 1398 574 1464 ἐκ
582 1399 640 1483 τῆς
652 1395 856 1477 ἀκολουθίας
866 1395 1062 1480 ὀφείλοντος
1074 1400 1306 1485 ἐπενεχθῆναι,

136 1497 182 1578 ώς
203 1503 259 1568 ἵνα
277 1528 327 1581 τις
343 1500 446 1570 εἰπών
464 1507 521 1587 „el
535 1502 817 1590 ἐμπομεάσομαι“,
839 1505 918 1572 δέον
940 1508 1045 1571 εἰπεῖν
1069 1505 1306 1590 ,κινδυνεύσω

134 1607 247 1676 πλέων
270 1606 448 1677 θάλασσαν
458 1613 480 1648 “
506 1615 604 1678 τοῦτο
633 1607 677 1698 μὴ
705 1619 779 1699 είπη
808 1608 862 1677 deit
884 1609 923 1678 τὸ
940 1609 1151 1697 βλάσφημον,
1175 1619 1249 1700 είπη
1270 1611 1307 1679 dl

136 1711 244 1794 οὕτως
275 1720 332 1800 „et
363 1715 620 1804 ἐμπορεύσομαι,
656 1724 769 1785 σιωπῶ
801 1715 838 1786 rb
871 1717 991 1786 λοιπόν
1001 1722 1031 1786 “.
1072 1719 1110 1786 of.
1140 1725 1307 1806 praeterea

135 1823 431 1891 Heriodianum
462 1849 512 1912 ap.
536 1826 640 1893 Wala.
666 1826 748 1893 VIII
773 1851 803 1913 p.
823 1827 920 1912 594ίὸ
945 1825 1096 1912 Spengel.
1119 1828 1170 1893 IlI
1195 1853 1224 1914 p.
1248 1829 1307 1894 95:

135 1925 367 2016 ἀποσιώπησις
388 1928 425 1998 δὲ
444 1927 571 1999 ὁπόταν
590 1929 843 2022 ἀτοπωτίρμ·τις
858 1933 987 2018 μέλλων
1003 1932 1147 2020 ἐπιφορᾷ
1161 1935 1307 2019 χρῆσθαι

136 2032 260 2122 σιγήση
279 2033 316 2103 ri
337 2039 555 2125 συμπέρασμα
573 2041 631 2124 τῆς
650 2042 811 2118 διανοίας.
847 2039 957 2106 Etiam
973 2038 1184 2106 Cornificii
1198 2043 1307 2128 verba,

136 2167 221 2230 quae
249 2147 403 2232 leguntur
430 2148 464 2212 in
494 2147 600 2232 capite
631 2148 669 2213 de
703 2147 1016 2234 significatione
1045 2145 1080 2235 (i.
1099 2170 1125 2213 e.
1145 2148 1306 2237 emphasi)

138 2251 278 2337 scripto,
299 2252 363 2318 hue
387 2259 464 2319 sunt
486 2253 668 2320 referenda:
687 2253 726 2320 cf.
742 2254 788 2320 IV
803 2256 859 2320 til:
881 2253 1065 2338 sipnirlcntio
1084 2259 1129 2320 eet
1145 2275 1207 2340 res,
1229 2277 1308 2338 qnae

132 2360 208 2441 plns
231 2360 266 2424 in
288 2361 454 2443 suspitione
475 2362 622 2443 relinquit
639 2381 733 2444 quani
749 2363 887 2444 positum
909 2367 954 2426 est
970 2363 1004 2426 in
1022 2363 1174 2439 oratione·
1199 2365 1232 2426 et
1246 2363 1306 2428 ibi-

136 2467 225 2533 dem:
250 2488 310 2551 per
332 2467 607 2553 meludunensi,
631 2489 722 2550 quone
750 2468 916 2552 incipimus
939 2469 1062 2551 uliqnid
1083 2469 1193 2554 dicere,
1217 2489 1307 2552 prae

136 2575 270 2640 cidirnns
292 2579 320 2639 et
337 2595 374 2640 en
395 2595 441 2659 eo,
463 2577 545 2658 quod
562 2576 628 2640 iens
645 2576 795 2654 diuimns,
818 2576 895 2640 sutis
918 2575 1103 2657 relinquitur
1119 2577 1307 2660 suspitione,

135 2683 179 2747 sic
204 2682 283 2766 „qui
305 2682 366 2746 tun
387 2684 491 2764 formu
513 2687 542 2747 et
563 2687 660 2747 aetate
686 2703 784 2766 nuper
813 2682 933 2747 alienae
960 2683 1043 2747 dorni
1121 2683 1192 2748 nolo
1207 2685 1307 2766 plura

135 2786 262 2854 de'eere.“
307 2786 499 2854 Cornificius
518 2788 621 2873 igitur
639 2788 752 2854 eodem
772 2789 919 2874 exemplo
939 2789 1152 2854 abscisionem
1169 2789 1307 2874 probare

136 2895 264 2981 studet,
283 2917 347 2981 quo
366 2895 414 2960 IV
427 2895 484 2980 30,
502 2897 543 2960 41
562 2896 809 2981 praecisionem
833 2895 1085 2960 abscisionem
1105 2899 1141 2960 et
1160 2897 1308 2982 praeei-

136 3003 286 3068 sionem
310 3022 402 3087 ergo
426 3001 522 3067 idem
549 3001 778 3089 significare
807 3002 980 3087 eovmagis
1005 3002 1198 3069 contendere
1222 3003 1308 3090 licet,

136 3109 225 3196 quod
245 3113 277 3174 et
295 3109 365 3194 ipse
384 3109 422 3174 de
442 3108 700 3194 praecidenda
723 3109 869 3174 oratione
887 3114 1001 3175 nostro
1021 3109 1091 3175 loeo
1110 3109 1256 3195 loquitur
1275 3116 1308 3176 et

135 3215 362 3294 Quintilianus
383 3214 463 3281 VIII
477 3217 514 3301 3,
538 3216 580 3282 83
605 3216 714 3282 docuit
741 3215 921 3281 orationem
943 3239 1000 3301 per
1019 3215 1225 3302 aposiopesin
1244 3217 1307 3282 ab·

136 3323 245 3390 soidi.
283 3321 439 3388 Attamen
462 3323 665 3408 aliquantum
684 3323 820 3388 interest
842 3323 927 3388 inter
950 3322 1170 3387 definitionem
1195 3322 1307 3389 Corni-

135 3431 288 3496 ficianam
321 3432 354 3494 et
377 3428 645 3505 Quintilianeam:
673 3427 863 3495 Cornificius
886 3428 1095 3513 interrumpit
1118 3429 1308 3517 orationem,

39 3605 40 3610 ,
136 3539 219 3603 satis
253 3535 396 3602 indicata
426 3558 463 3600 ea
493 3558 541 3621 re,
574 3559 669 3622 quum
699 3541 798 3621 tacet3
822 3535 1042 3612 Quintilianus
1072 3534 1213 3601 orationi
1242 3558 1308 3602 non

135 3645 397 3727 interruptae,
421 3643 477 3708 sed
500 3642 637 3727 plenae
661 3642 811 3708 altiorem
833 3641 949 3707 tribuit
971 3641 1186 3727 intellectum,
1210 3666 1307 3728 quam

137 3773 238 3838 quem
262 3749 362 3816 verba
385 3772 442 3834 per
465 3771 500 3815 se
523 3749 595 3834 ipsa
618 3749 792 3815 declarant.
838 3749 901 3836 (De
929 3749 1049 3833 figura,
1079 3771 1161 3832 quae
1190 3748 1308 3816 dicitur

137 3862 283 3945 ἔμφασις
315 3856 353 3922 of.
372 3856 475 3922 Walz.
498 3855 581 3922 VIII
606 3880 636 3941 p.
655 3855 737 3941 530,
764 3856 844 3941 543,
873 3856 951 3941 652,
985 3855 1064 3939 745,
1094 3855 1170 3939 746,
1199 3855 1307 3922 Halm.

136 3989 167 4051 p.
188 3965 269 4048 5173
293 3961 358 4029 (lic.
382 3964 420 4028 de
444 3962 691 4048 orar.111202;
716 3967 795 4028 orat
817 3963 892 4047 139,
923 3960 1043 4028 Cornif.
1063 3959 1109 4026 IV
1129 3962 1170 4025 67
1191 3958 1306 4048 (signi-

136 4067 280 4156 ficatio);
304 4070 438 4149 Quintil.
456 4068 503 4134 IX
523 4071 556 4154 2,
580 4069 638 4153 64,
662 4068 847 4135 Volkmann
865 4069 885 4134 l.
905 4069 926 4134 l.
945 4093 975 4154 p.
994 4069 1036 4132 38
1056 4065 1114 4154 ll).
1135 4104 1171 4114 —
1193 4067 1308 4133 Altero

136 4181 212 4246 loeo
240 4177 288 4242 IX
316 4178 353 4262 2,
384 4177 427 4241 54
466 4175 738 4253 Quintilianus
779 4197 844 4240 non
878 4179 946 4239 tarn
984 4176 1135 4239 naturam
1170 4197 1207 4239 ao
1240 4175 1308 4240 vim

138 4309 238 4373 quam
255 4306 349 4350 usum
368 4285 490 4369 figurae
506 4283 735 4368 aposiopeseos
754 4281 909 4347 describit
927 4279 1045 4346 verbis:
1072 4273 1308 4365 ἀποσιώπησις,

121 4414 236 4476 ηαοιιιι
278 4393 358 4456 idern
407 4389 542 4456 Cicero
582 4391 834 4473 reticentiam,
873 4387 1009 4453 Celsus
1055 4388 1308 4474 obtinentium,

137 4498 322 4564 nonnulli
362 4493 408 4583 (l)
449 4497 759 4577 irrterrnptionern
799 4495 970 4579 appellunt,
1010 4499 1038 4558 et
1075 4497 1146 4576 ι’μειι
1179 4497 1310 4560 ostendit

196 4621 307 4672 (flamm,
326 4621 353 4660 de
365 4620 548 4670 breviloquentia
562 4619 657 4659 uuolton
670 4629 720 4668 gen.
1080 4603 1095 4651 2
