3204 5284
595 456 835 520 -121-

119 614 296 700 genetivus
327 618 360 680 et
388 615 590 680 aecusativus
621 636 646 680 c.
664 613 722 680 inf.
742 615 862 701 pendet
891 638 930 681 ex
960 616 1166 682 substantivo
1198 639 1296 682 oom-

119 717 382 806 memoratio),
409 721 473 788 huo
491 721 660 788 referimus
680 721 780 788 etiam
798 721 882 788 H.V
897 723 949 808 20,
961 721 1026 808 ssi:
1049 744 1102 790 uec
1115 725 1221 789 omuiu
1237 746 1295 807 pa·

121 828 241 924 traudiv
253 828 414 914 fiducia,
436 830 489 894 scd
509 828 608 894 multa
626 830 713 895 ausus
730 830 839 913 aliqua
856 831 890 894 iu
903 836 994 914 parte
1010 831 1172 911 sardicam
1189 832 1296 913 adfare
1369 843 1371 848 '

120 956 229 1020 neque
253 957 326 1000 cum
349 934 477 1003 Heraeo
501 936 646 1002 subitum
669 937 703 1002 iu
726 937 908 1003 orationem
931 937 1097 1022 obliquam
1119 938 1296 1004 transitum

120 1041 233 1107 media
256 1042 290 1107 in
312 1065 420 1108 rerum
442 1044 630 1110 narratione
652 1043 774 1109 factum
798 1043 1082 1130 deprehendimus,
1104 1047 1295 1129 praesertim

120 1170 199 1213 cum
232 1151 395 1236 exempla,
431 1149 549 1236 quibus
581 1151 698 1216 nititur
730 1151 836 1216 editor
866 1151 923 1216 ille
960 1152 1083 1236 optime
1115 1153 1154 1217 de
1181 1152 1295 1218 Tacito

120 1256 277 1342 meritus,
303 1256 386 1322 nihil
414 1258 455 1323 ad
483 1261 631 1323 nostrum
658 1259 766 1324 locum
794 1259 1020 1344 explicandum
1047 1259 1219 1345 proficiant
1243 1256 1296 1346 (de

120 1363 275 1428 fiducia
304 1385 329 1429 o.
349 1385 412 1430 ace
427 1387 453 1430 c.
469 1364 524 1430 inf.
544 1365 696 1451 utsupra
716 1391 748 1451 p.
762 1366 806 1432 93
823 1363 913 1452 seq.).
945 1403 984 1412 —
1013 1363 1089 1431 Non
1117 1367 1215 1432 aliter
1242 1390 1294 1432 ex-

121 1470 268 1554 plicandi
298 1476 374 1536 sunt
410 1472 474 1537 loci
503 1475 638 1557 propter
667 1473 872 1538 accedentem
906 1473 1029 1539 formae
1064 1475 1296 1559 grammaticae

122 1576 383 1644 videatudinem
407 1579 583 1645 notabiles:
607 1578 787 1666 H.11154‚
805 1577 913 1663 13)14:
936 1581 1076 1664 perpulit
1097 1585 1133 1644 ut
1154 1583 1197 1646 ad
1217 1583 1296 1646 circs

124 1685 257 1750 bostium
274 1686 492 1768 spectandas
510 1707 644 1770 quaequac
660 1689 746 1771 apud
763 1685 946 1754 Orauoucm
963 1694 1033 1752 acta
1049 1688 1151 1768 farem
1167 1689 1297 1753 ruiticre·

129 1797 192 1868 tur,·
219 1829 260 1838 -
290 1792 324 1856 II
345 1793 402 1878 76,
421 1794 532 1860 6—8:
560 1795 656 1860 simut
684 1795 748 1878 ipsc
781 1795 836 1877 qui
864 1797 972 1862 suadet
1003 1795 1296 1861 cousidcruudus

130 1903 192 1982 cst,
220 1900 375 1964 adiciatne
406 1901 533 1966 cousitio
559 1901 734 1984 putatum
765 1921 871 1986 scum,
903 1908 943 1987 ct,
974 1904 1003 1968 si
1032 1904 1163 1983 fortuna
1188 1904 1297 1986 coaptis

127 2007 273 2086 adsuerit,
309 2009 359 2072 cui
397 2028 553 2072 munuum
590 2009 679 2074 durs
717 2009 911 2090 adquiratur.
947 2047 990 2056 -
1027 2008 1076 2076 De
1112 2009 1198 2075 falsa
1233 2010 1296 2075 loci

123 2113 163 2179 H.
180 2113 196 2178 Ι
215 2114 268 2200 32,
292 2115 386 2180 6-8
415 2137 512 2199 quam
536 2114 674 2200 protulit
696 2114 843 2180 Heraeus
873 2116 1088 2202 explicatione
1109 2139 1208 2202 supra
1229 2117 1296 2182 iam

121 2247 153 2306 p.
168 2222 210 2285 47
233 2221 374 2308 egimus3
401 2226 452 2287 est
479 2222 565 2288 enim
593 2222 778 2307 exemplum
807 2223 904 2288 huius
933 2223 972 2288 de
1000 2245 1063 2308 quo
1092 2224 1220 2308 agimus
1249 2224 1295 2288 di-

122 2327 216 2393 cendi
241 2329 385 2414 generis,
408 2329 553 2394 conferas
571 2329 684 2395 velim:
702 2329 764 2396 An
779 2328 841 2395 XV
855 2330 907 2415 55,
925 2332 978 2394 ll:
994 2332 1144 2413 pccuuiru
1163 2334 1191 2395 ct
1208 2330 1295 2395 libcr-

122 2439 200 2500 tatcs
228 2437 325 2508 seruis
356 2441 384 2500 ct
412 2442 483 2501 autc
514 2437 593 2502 douo
624 2437 745 2521 datas,
775 2439 828 2503 sed
858 2439 925 2503 idco
957 2443 1028 2502 tuuc
1060 2439 1190 2522 turpius,
1221 2438 1296 2519 quia

122 2547 158 2608 et
173 2565 204 2628 q.
219 2565 244 2608 s.
262 2579 306 2589 —
324 2543 364 2608 In
387 2543 451 2609 fine
469 2543 606 2609 membri
630 2544 761 2610 secundi
779 2545 915 2610 verbum
937 2545 1046 2610 inveni
1070 2545 1213 2630 positum
1231 2566 1296 2610 uno

123 2651 212 2716 loco:
237 2650 466 2736 An.11163,7
483 2673 562 2736 seq.:
591 2673 667 2716 uum
685 2652 875 2735 Zmyrnaeos
906 2653 1065 2718 oracutum
1084 2651 1241 2736 Apollinis
1255 2701 1297 2734 ..,

126 2758 237 2823 Tenios
266 2759 399 2823 eiusdem
428 2778 553 2823 carmen
583 2761 736 2844 referre,
766 2781 825 2843 quo
853 2780 977 2825 sacrare
999 2759 1137 2843 Neptuni
1165 2759 1297 2842 effipiam

123 2865 285 2947 acdauquc
306 2865 384 2930 iussi
405 2865 470 2930 siut
489 2867 641 2949 propiora
663 2866 836 2933 Sardiauos
859 2870 892 2931 et
907 2889 937 2952 q.
951 2889 976 2931 s.

213 2973 244 3035 4.
262 2972 435 3057 positum
455 2977 513 3038 est
533 2974 689 3040 verbum
712 2973 877 3040 finitum
899 2973 938 3038 in
957 2973 1177 3039 enuntiatis
1201 2995 1296 3057 quae

124 3079 332 3165 particulis
353 3079 645 3166 coniunguntur
670 3087 761 3167 post
784 3081 906 3165 ipsam
925 3080 1173 3167 particulam,
1199 3102 1296 3165 quae

124 3186 366 3272 asyndetice,
406 3191 495 3272 post
536 3188 698 3272 primam
733 3189 931 3254 notionem
968 3189 1029 3254 vel
1070 3187 1297 3271 dictionem,

123 3295 190 3360 i.e.
218 3294 257 3359 in
284 3293 404 3360 initio
438 3295 598 3361 membri
635 3296 793 3361 secundi
824 3297 886 3362 vel
917 3295 1035 3361 tertii
1073 3296 1132 3361 vel
1165 3293 1296 3379 quarti

124 3405 242 3486 etq.s.

214 3507 330 3574 Nauck
366 3510 407 3574 ad
434 3508 513 3576 Hor.
531 3508 639 3580 Germ.
657 3511 689 3576 Η
716 3512 770 3595 13,
791 3512 834 3576 28
872 3510 1045 3594 adscripsit
1078 3508 1296 3575 Goethianum

123 3616 207 3683 illud
231 3613 348 3702 (Faust
371 3639 409 3682 zu
432 3615 592 3705 Wagner)
615 3618 869 3702 pulcherrimum
892 3617 988 3683 huius
1012 3616 1139 3682 dicendi
1161 3615 1296 3681 rationis

123 3724 322 3809 exemplum:

328 3829 374 3896 Ja
396 3835 479 3896 udrc
499 3852 562 3896 uur
583 3833 634 3896 ctu
647 3833 883 3898 Zauberruuutcl
904 3834 987 3898 ucciu

336 3938 408 4005 Uud
429 3938 506 4021 trdp
529 3959 563 4002 ar
585 3939 665 4004 rurali
687 3939 723 4004 iu
743 3941 861 4021 frerudc
873 3941 1013 4025 Mudcr,

330 4046 400 4110 Mir
422 4043 498 4110 sollt’
522 4067 555 4110 cr
577 4067 632 4110 um
653 4047 703 4112 die
724 4047 915 4113 lcdstlidastcu
930 4047 1114 4128 Gcwdudcr,

331 4153 370 4217 N
370 4153 444 4218 icbt
463 4152 532 4233 fail
554 4173 608 4216 um
631 4154 718 4218 ciueu
732 4154 970 4237 Kduipsmautcl
992 4155 1076 4219 sciu!

214 4260 278 4325 Elst
300 4282 376 4326 vero
399 4260 480 4325 haec
503 4259 629 4325 dicendi
652 4259 758 4325 forma
781 4261 886 4346 potitis
915 4261 994 4327 solis
1018 4259 1145 4325 Latinis
1174 4259 1297 4324 usitata

122 4391 184 4434 neo
206 4368 312 4432 ullum
335 4368 440 4433 adhue
461 4367 570 4433 inveni
593 4367 790 4454 exemplum,
818 4390 882 4452 quo
901 4369 1058 4452 probetur
1081 4366 1180 4432 etiam
1200 4365 1297 4450 scrip-

121 4479 213 4542 tores
234 4473 403 4561 pedestres
435 4478 510 4540 ante
540 4474 689 4540 Tacitum
719 4475 803 4541 hano
832 4475 934 4542 verbi
965 4474 1211 4540 collocationem
1241 4472 1295 4538 ad-
