3242 5284
630 475 849 540 „37..

153 635 183 700 si
200 657 247 719 ec,
266 657 349 721 quae
363 634 435 720 quis
450 633 628 719 cogitasset
641 636 694 702 rel
707 636 835 701 locutus
849 639 936 702 esset
949 636 984 702 in
997 657 1033 702 re
1051 636 1161 723 aliqua
1179 637 1328 724 gerenda,

155 742 306 808 oratione
321 741 455 827 obliqua
467 742 532 826 ipsi
544 741 591 807 rei
606 747 697 808 actce
716 743 927 830 descriptioni
945 744 1212 830 adiungerentur,
1234 743 1327 809 Taci-

153 855 227 915 tum
255 855 365 917 autem
397 871 436 914 eo
463 848 681 935 contendisse,
708 873 749 916 ne
779 852 886 917 oratio
910 849 1050 938 obliqua
1077 851 1141 916 nisi
1169 873 1327 938 personae

154 963 255 1024 antea
288 961 486 1024 memoratae
519 957 580 1022 huc
609 957 735 1024 ratione
769 958 977 1024 induceretur
1000 955 1052 1045 (cf.
1066 959 1107 1023 ad
1123 959 1183 1025 An.
1195 958 1259 1024 XII
1275 959 1328 1043 64,

154 1065 205 1132 ed.
219 1063 269 1130 lII
283 1087 314 1150 p.
329 1065 381 1151 97,
397 1062 441 1151 8).
464 1099 506 1112 -
532 1064 725 1130 Accuretius
750 1069 859 1132 eutem
881 1087 968 1131 nunc
994 1065 1028 1130 in
1056 1065 1201 1151 singulas
1229 1066 1326 1131 huius

153 1172 434 1257 breviloquentiam
456 1171 579 1238 lorinus
598 1172 788 1257 inquisituri
806 1173 956 1239 lubenter
978 1172 1121 1238 fatemur
1144 1174 1243 1238 etiam
1266 1195 1326 1238 nos

152 1301 221 1344 non
239 1283 344 1344 totam
362 1279 447 1344 huuc
465 1280 608 1364 amplam
628 1280 797 1346 materiem
812 1279 1104 1367 comprehendisse,
1121 1280 1178 1346 sed
1197 1279 1328 1364 singula

153 1391 299 1474 tuntum,
330 1407 412 1472 quae
444 1389 483 1451 ut
514 1386 549 1452 in
581 1387 792 1472 sequentibus
816 1387 974 1472 explicem
1004 1386 1146 1451 maxime
1175 1385 1326 1470 adducor,

153 1515 227 1559 cum
251 1494 368 1560 idonee
391 1493 472 1558 mihi
491 1493 671 1580 videantur,
695 1516 777 1578 quse
799 1497 833 1560 et
856 1494 1056 1579 singularem
1074 1492 1226 1558 Tacitece
1248 1492 1326 1556 scri-

59 1605 62 1610 ’
152 1601 253 1666 bendi
276 1601 413 1666 rationis
441 1601 674 1685 proprietatem
707 1601 788 1667 sutis
821 1602 1016 1668 adumbrent
1047 1605 1081 1667 et
1113 1600 1207 1686 quusi
1239 1599 1326 1664 viam

155 1712 353 1793 monstrent,
390 1728 457 1792 qua
473 1729 476 1734 ·
494 1701 565 1792 quis
602 1708 748 1774 funditus
781 1731 852 1774 eam
890 1731 957 1774 rem
993 1709 1170 1780 hausturus
1203 1706 1326 1791 optime

157 1815 327 1900 procedere
349 1815 480 1901 poterit.

285 2169 312 2253 Ι.
354 2169 407 2254 De
435 2169 612 2254 oratione
641 2169 804 2276 obliquo
831 2169 968 2255 vorbis
997 2167 1195 2254 adiuncta.

148 2333 292 2401 Oratio
312 2335 474 2420 oblique
495 2335 670 2420 sequitur
690 2335 934 2402 enuntiatum
953 2333 1181 2420 primarium
1195 2332 1326 2397 verbis

147 2441 445 2526 sententiisque
464 2442 701 2528 absolutum,
724 2443 798 2508 vim
818 2442 936 2507 hebet
955 2439 1327 2527 epexegeticam,i.e.

147 2551 309 2632 spectat
324 2570 381 2634 eo,
394 2553 438 2615 ut
453 2551 519 2614 aut
531 2571 574 2614 ea
589 2571 684 2634 quoe
699 2555 813 2616 antee
826 2553 986 2615 narrata
1003 2552 1091 2613 sunt
1105 2545 1327 2613 accuratius

147 2655 401 2739 explicentur
424 2659 489 2721 ant
513 2677 651 2722 causae
675 2656 1032 2742 cogitationesque,
1059 2655 1199 2739 quibus
1228 2675 1326 2718 com·

147 2765 283 2826 motus
315 2763 400 2847 quis
433 2785 493 2828 res
525 2763 635 2828 modo
665 2763 884 2849 descriptus
914 2762 1140 2850 perfecerit,
1172 2759 1327 2845 plenius

589 2871 890 2956 perspiciuntur.

217 3019 258 3075 Δ.
272 3019 315 3075 In
328 3021 528 3090 praedicato
542 3009 716 3078 enuntiati
728 3021 885 3092 primarii
899 3025 952 3078 est
965 3013 1264 3077 verbum'dloendr'

217 3117 275 3173 vel
301 3119 488 3188 sentiendi,
516 3132 561 3175 ex
588 3133 658 3190 quo
692 3120 785 3190 lpse,
815 3134 896 3177 cum
922 3118 1081 3176 obsolute
1111 3117 1264 3187 positum
1398 3113 1400 3126 '

216 3217 394 3287 proprium
425 3218 597 3274 enuntiati
625 3218 680 3274 sni
712 3220 922 3275 sententium
955 3218 1079 3274 reddet
1114 3214 1265 3286 plenem,

191 3304 193 3308 ’
217 3315 328 3371 oratio
351 3328 441 3386 quoe
465 3315 624 3386 sequitur
646 3317 789 3387 oblique
809 3331 881 3373 non
902 3316 1047 3387 pendet;
1070 3313 1265 3371 secundum

217 3413 389 3470 rationem
416 3415 678 3484 grammaticam
700 3419 761 3472 sut
783 3416 900 3486 ipsum
927 3414 1018 3470 illud
1040 3414 1187 3472 verbum
1209 3423 1263 3468 oo·

217 3510 382 3580 gitatione
399 3514 628 3584 repetendum
644 3517 707 3570 sut
719 3527 851 3570 novum
864 3515 1012 3570 verbum
1029 3510 1264 3582 supplendum

337 3615 400 3681 est,
421 3613 516 3670 unde
535 3612 645 3668 cretio
668 3611 811 3682 obliqua
833 3611 973 3683 proprie
995 3612 1146 3680 regetur.

244 3744 285 3810 H.
299 3744 316 3809 Ι
330 3746 382 3830 86,
401 3748 417 3810 1
436 3767 516 3831 seq:
533 3747 682 3830 prodqiu
699 3748 825 3830 insuper
843 3746 994 3810 terrebant
1010 3744 1137 3808 diuersis
1155 3741 1326 3806 apenninus

145 3852 291 3934 volpatu:
318 3854 352 3916 iu
369 3851 512 3916 omnen
539 3851 686 3936 Capitolii
718 3855 848 3919 coenses
869 3853 1003 3917 lmhenas
1029 3851 1115 3934 oque
1142 3853 1175 3914 et
1194 3871 1224 3933 q.
1234 3871 1324 3934 3,-

146 3959 206 4025 Ill
225 3959 275 4044 13,
290 3960 310 4023 9
323 3981 402 4044 seq:
424 3960 478 4024 scd
495 3959 548 4023 ubi
567 3961 637 4024 totis
650 3962 761 4025 castris
779 3963 815 4025 in
836 3961 926 4041 fumo
938 3959 1089 4043 proditio,
1111 3975 1269 4021 receuoir
1291 3955 1326 4018 iu

139 4067 310 4152 prinnina
340 4067 428 4132 mins
450 4068 679 4149 ...proiectus
714 4067 829 4132 Vitellii
864 4067 980 4149 effipies
1018 4065 1171 4148 adspexit,
1206 4066 1326 4127 vastum

140 4175 256 4260 pruno
277 4173 434 4238 edentium
440 4223 449 4258 ,
478 4195 550 4238 mou
580 4178 688 4239 cuncto
716 4175 810 4239 omui
832 4177 1010 4257 comptam:
1040 4171 1098 4236 leuc
1126 4170 1264 4235 omisisse

144 4281 303 4364 plurium,
326 4286 361 4344 ct
382 4283 417 4345 et
435 4302 464 4364 q.
484 4303 522 4364 s,
548 4317 584 4328 —-
611 4279 718 4365 1128,
737 4280 852 4366 5seq.:
881 4281 961 4362 quod
988 4277 1042 4344 coi
1063 4278 1204 4342 auditum
1226 4275 1326 4357 volpe

150 4393 290 4470 toroque,
315 4407 450 4451 mammo
479 4389 567 4470 socii,
589 4387 718 4468 fremere
740 4388 867 4464 milites·
899 4387 1010 4469 orbouc‘¹
1034 4405 1066 4450 se
1086 4385 1325 4465 fortissimorum

149 4497 292 4560 numum
326 4494 463 4570 mallim
502 4499 611 4559 ueteres
647 4495 719 4560 illos
756 4499 790 4559 et
806 4517 836 4580 q.
854 4517 895 4579 s.;
923 4529 964 4540 -
994 4492 1150 4577 An.I8,
1172 4490 1215 4555 24
1237 4511 1321 4574 seq:

1072 4595 1109 4651 5*
