3204 5284
639 441 859 505 ..99-

159 600 334 685 proposuit
357 599 582 666 coniunctione
611 605 653 666 ut
682 606 758 667 ante
789 601 965 687 quamvis
995 603 1030 668 in
1053 608 1178 670 textum
1202 607 1338 692 inserta,

159 729 237 772 eum
274 710 404 772 secutus
443 711 494 772 est
521 707 690 774 Andresen
722 709 756 772 in
788 708 837 775 ed.
857 709 905 775 IV
938 711 1170 795 recognitionis
1198 711 1337 800 Nipper-

162 813 309 879 deianae.

254 920 318 986 Pro
350 925 439 987 certo
470 923 632 987 affirmare
664 921 742 986 licet
768 922 939 1015 particulis
970 923 1172 990 iam-exim
1202 927 1339 1001 indicari

161 1049 216 1111 ea,
247 1051 329 1114 quae
352 1029 394 1093 iis
417 1029 502 1095 inter
525 1051 560 1094 se
583 1030 839 1116 coniungantur,
870 1029 926 1093 uni
957 1030 1127 1117 eidemque
1157 1035 1338 1098 structurae

161 1157 236 1200 esse
275 1136 462 1222 subiuncta3
499 1137 712 1222 quamobrem
749 1135 861 1200 durius
896 1136 1020 1224 Ritter,
1056 1137 1182 1226 Baiter,
1221 1138 1339 1226 Haase,

160 1241 311 1329 Draeger
333 1243 790 1310 verborumrconiunctionenn
809 1244 903 1329 quasi
928 1244 1089 1311 divellunt
1106 1267 1201 1312 voces
1227 1267 1337 1332 opes·

161 1333 347 1414 decora¹
369 1356 407 1416 nt
444 1351 663 1418 nominativos
700 1351 740 1416 ad
783 1355 963 1436 exusta,
1001 1357 1189 1437 sequentem
1228 1358 1338 1420 autem

160 1457 332 1523 notionem
367 1463 630 1524 monumenta
666 1461 704 1522 ut
729 1457 960 1542 ⁸accusativum
997 1459 1038 1523 ad
1071 1460 1338 1526 meminerint

161 1564 340 1630 referendo.
373 1562 479 1652 (Quod
501 1564 543 1629 ad
566 1565 789 1652 omissionem,
817 1565 908 1631 verbi
934 1569 1072 1631 exusta
1094 1571 1185 1631 sunt
1210 1566 1338 1650 attinet,

163 1693 261 1756 quam
289 1671 352 1736 hoc
383 1673 454 1737 loco
486 1671 617 1737 admitti
647 1671 792 1757 potuisse
823 1671 864 1736 ab
895 1672 1045 1738 omnibus
1076 1677 1206 1758 praeter
1235 1695 1336 1738 unum

164 1776 398 1865 Nipperdeium
423 1778 625 1864 conceditur,
649 1779 784 1844 sanein
808 1799 846 1844 ea
869 1779 1096 1844 offendendum
1119 1785 1272 1845 nonest:
1296 1779 1337 1846 cf.

168 1906 314 1970 eaquae
346 1907 445 1970 snpra
471 1882 705 1972 exposuimus).
736 1921 777 1932 -—
811 1885 1007 1952 Emendatio
1031 1886 1222 1973 Halmiana,
1255 1909 1336 1972 quac

165 2013 236 2056 eam
259 1991 431 2078 duritiam,
461 2015 558 2079 quam
587 1992 684 2058 modo
707 1992 952 2079 descripsimus,
983 1998 1016 2059 et
1044 1994 1153 2079 illam,
1184 2016 1278 2080 quae,
1309 1995 1338 2058 ri
1448 2011 1450 2014 ·

162 2098 330 2164 Waltheri
353 2101 603 2186 explicationem
627 2103 756 2164 secutus
780 2099 853 2185 eris,
878 2123 917 2164 ex
940 2123 978 2166 eo
997 2102 1227 2185 proficiscetur,
1251 2101 1336 2185 quod

161 2207 369 2272 enuntiatum
391 2208 750 2290 quamuis-meminerint
776 2207 863 2272 male
886 2205 1150 2272 antecedentibus
1180 2210 1337 2291 tanquam

161 2314 317 2399 apodosis
342 2314 503 2380 adnexum
526 2317 589 2399 est,
615 2314 737 2378 evitare
760 2313 848 2398 vult,
875 2334 994 2378 novam
1017 2313 1088 2397 ipsa
1111 2312 1235 2399 gignit,
1264 2334 1336 2377 cum

162 2420 297 2486 Tacitus
325 2422 531 2486 enuntiatum
563 2420 805 2486 consecutivum
835 2419 1004 2485 enuntiato
1034 2418 1134 2484 verbo
1162 2419 1255 2485 finito
1284 2441 1336 2484 ca·

161 2529 249 2593 renti
264 2565 297 2576 ·-
312 2528 377 2593 nisi
391 2528 525 2593 verbum
540 2527 781 2592 substantivum
797 2523 938 2611 enoipias
954 2526 1202 2610 -subiungere
1220 2526 1336 2591 solitus

161 2657 230 2700 non
248 2634 299 2700 sit.
338 2634 475 2719 Reliqua
497 2634 601 2718 igitur
623 2640 675 2699 est
693 2633 871 2718 Nipperdci
891 2634 1073 2719 explicatio,
1095 2634 1131 2697 in
1153 2653 1218 2717 qua
1240 2654 1337 2718 aegre

163 2742 325 2828 acquiesci
349 2745 468 2827 potest,
491 2741 554 2806 nisi
578 2740 676 2807 scribi
701 2742 819 2806 mavis:
844 2778 885 2788 —
905 2742 1022 2825 decora
1045 2741 1117 2805 euin
1140 2745 1337 2805 monumenta

161 2851 395 2914 interierunt
422 2850 552 2930 entique
580 2853 608 2912 et
636 2849 828 2933 incorrupto,
860 2844 934 2934 (ita)
964 2853 1000 2912 ut
1017 2851 1050 2912 et
1065 2869 1094 2931 q.
1109 2869 1134 2913 s.
1167 2845 1337 2912 ‘Similiter

162 2956 297 3022 Tacitus
320 2956 354 3020 in
377 2957 440 3020 fine
463 2954 663 3020 narrationis
691 2954 828 3019 alicuius
857 2954 1028 3019 enuntiato
1059 2953 1264 3018 consecutivo
1295 2955 1336 3019 ab

164 3068 207 3128 nt
228 3062 403 3148 incipiente
428 3062 589 3146 exposuit,
613 3083 695 3145 quae
718 3082 795 3125 suae
819 3061 937 3125 aetatis
957 3060 1104 3125 homines
1124 3061 1337 3146 cogitassent:

162 3171 205 3236 H.
220 3170 252 3235 II
267 3171 320 3255 46,
338 3171 377 3235 15
392 3192 471 3254 seq:
493 3189 547 3233 nee
563 3170 759 3250 precarium
782 3173 911 3252 mnium,
923 3169 1072 3250 proprios
1092 3166 1219 3233 Othonis
1241 3169 1337 3253 mites,

162 3280 217 3345 scd
232 3279 401 3361 praemissi
419 3277 565 3342 eMoesic
583 3277 709 3340 eoadem
728 3276 960 3340 deductionem
978 3275 1171 3340 aduentantis
1189 3277 1337 3340 euentus

163 3386 294 3468 Quies
312 3385 500 3466 Aquileiam
514 3384 670 3465 inpressas
691 3382 887 3466 nuntiabunt,
909 3387 945 3446 ot
965 3403 1053 3446 neruo
1070 3381 1185 3446 dubitet
1200 3384 1338 3466 potuisse

162 3494 307 3557 reuocari
329 3492 439 3557 bellem
462 3496 565 3573 atrox,
590 3490 727 3573 lapelee,
750 3491 899 3554 incertum
920 3490 1008 3553 ericiis
1031 3493 1060 3552 ct
1080 3489 1251 3555 uictoribus

254 3597 400 3664 Similem
418 3597 509 3663 verbi
527 3597 612 3661 finiti
632 3596 842 3662 omissionem
861 3581 988 3661 exstare
1008 3596 1120 3660 dicunt
1138 3594 1172 3659 in
1190 3594 1335 3662 eiusdem

163 3706 241 3772 libri
264 3706 369 3792 capite
387 3705 546 3790 44,19s,
567 3703 623 3768 ubi
646 3703 785 3788 legitur:
808 3708 836 3768 et
856 3703 1049 3784 moetus
1070 3702 1178 3766 addito
1201 3702 1336 3766 ludibrio

162 3813 360 3894 olfecerunt
383 3812 475 3894 terpis
498 3812 620 3876 conum
643 3811 765 3874 baiolo
788 3803 902 3875 cauum
931 3810 1092 3875 interirent
1117 3813 1174 3872 aut
1199 3809 1337 3874 auidas

163 3921 258 4004 effici
280 3925 337 3984 out
357 3920 544 4001 llommoudi
566 3923 655 4000 utque
677 3918 731 3982 ubi
752 3917 904 3998 defecisset
926 3919 999 4001 dies,
1021 3917 1057 3980 iu
1079 3935 1171 3980 usum
1192 3916 1335 3980 nocturni

164 4029 294 4094 lumin-is
315 4031 483 4091 urerentur.
523 4023 715 4090 Defensores
742 4023 860 4089 codicis
887 4023 1058 4090 verborum
1081 4042 1193 4089 rocem
1223 4021 1335 4086 flam·

164 4134 297 4200 mandi
337 4133 521 4217 significare
560 4131 676 4196 volunt
716 4130 900 4196 flammae
936 4127 1131 4194 destinati
1162 4124 1336 4214 (Walther,

164 4241 268 4327 Bach,
298 4235 564 4324 Orelli-Baiter),
594 4237 774 4322 particulae
805 4243 920 4323 atque
950 4237 1098 4302 tribuunt
1129 4235 1194 4299 vim
1221 4256 1334 4320 epexe-

164 4333 306 4436 geticam
347 4342 427 4433 (und
464 4342 575 4432 awar);
621 4348 697 4428 post
737 4343 965 4409 flammandi
1010 4341 1164 4427 supplent
1213 4341 1334 4406 inter-

163 4459 282 4521 irent.

1085 4553 1120 4606 7*
