<?xml version="1.0" encoding="UTF-8"?>
<!DOCTYPE html PUBLIC "-//W3C//DTD XHTML 1.0 Transitional//EN"
    "http://www.w3.org/TR/xhtml1/DTD/xhtml1-transitional.dtd">
<html xmlns="http://www.w3.org/1999/xhtml" xml:lang="en" lang="en">
 <head>
  <title>
</title>
<meta http-equiv="Content-Type" content="text/html;charset=utf-8" />
  <meta name='ocr-system' content='tesseract 3.04.00' />
  <meta name='ocr-capabilities' content='ocr_page ocr_carea ocr_par ocr_line ocrx_word'/>
</head>
<body>
  <div class='ocr_page' id='page_1' title='image "./debreviloquenti00clemgoog_0039.png"; bbox 0 0 3242 5284; ppageno 0'>
   <div class='ocr_carea' id='block_1_1' title="bbox 771 490 999 572">
    <p class='ocr_par' dir='ltr' id='par_1_1' title="bbox 771 490 999 572">
     <span class='ocr_line' id='line_1_1' title="bbox 771 490 999 572; baseline 0.004 -19"><span class='ocrx_word' id='word_1_1' title='bbox 771 490 999 572; x_wconf 75' lang='lat'><strong>.-26-</strong></span> 
     </span>
    </p>
   </div>
   <div class='ocr_carea' id='block_1_2' title="bbox 250 644 1482 2143">
    <p class='ocr_par' dir='ltr' id='par_1_2' title="bbox 250 644 1482 1374">
     <span class='ocr_line' id='line_1_2' title="bbox 304 644 1482 735; baseline 0.003 -23"><span class='ocrx_word' id='word_1_2' title='bbox 304 647 449 735; x_wconf 87' lang='lat' dir='ltr'><strong>ellipsin)</strong></span> <span class='ocrx_word' id='word_1_3' title='bbox 472 650 530 733; x_wconf 81' lang='grc' dir='ltr'><strong>τῆς</strong></span> <span class='ocrx_word' id='word_1_4' title='bbox 550 651 778 733; x_wconf 76' lang='grc' dir='ltr'><strong><em>γραμματικῆς</em></strong></span> <span class='ocrx_word' id='word_1_5' title='bbox 798 644 861 732; x_wconf 78' lang='grc' dir='ltr'><strong>τὴν</strong></span> <span class='ocrx_word' id='word_1_6' title='bbox 879 645 999 732; x_wconf 76' lang='grc' dir='ltr'><strong><em>κοινὴν</em></strong></span> <span class='ocrx_word' id='word_1_7' title='bbox 1018 645 1183 732; x_wconf 78' lang='grc' dir='ltr'><strong>συήθειαν</strong></span> <span class='ocrx_word' id='word_1_8' title='bbox 1202 652 1482 732; x_wconf 75' lang='grc' dir='ltr'><strong><em>παραβαίνοιτες.</em></strong></span> 
     </span>
     <span class='ocr_line' id='line_1_3' title="bbox 250 754 1480 842; baseline 0 -22"><span class='ocrx_word' id='word_1_9' title='bbox 250 835 253 840; x_wconf 26' lang='lat'>¹</span> <span class='ocrx_word' id='word_1_10' title='bbox 304 754 464 820; x_wconf 72' lang='lat' dir='ltr'><strong>Similiter</strong></span> <span class='ocrx_word' id='word_1_11' title='bbox 486 757 693 841; x_wconf 70' lang='lat' dir='ltr'><strong>grammatici</strong></span> <span class='ocrx_word' id='word_1_12' title='bbox 719 757 814 821; x_wconf 81' lang='lat' dir='ltr'><strong>latini</strong></span> <span class='ocrx_word' id='word_1_13' title='bbox 842 755 975 842; x_wconf 84' lang='lat' dir='ltr'><strong>ellipsin</strong></span> <span class='ocrx_word' id='word_1_14' title='bbox 996 757 1114 820; x_wconf 76' lang='lat' dir='ltr'><strong>vitium</strong></span> <span class='ocrx_word' id='word_1_15' title='bbox 1138 779 1209 820; x_wconf 86' lang='lat' dir='ltr'><strong>esse</strong></span> <span class='ocrx_word' id='word_1_16' title='bbox 1236 757 1366 840; x_wconf 84' lang='lat' dir='ltr'><strong>volunt,</strong></span> <span class='ocrx_word' id='word_1_17' title='bbox 1390 756 1480 840; x_wconf 88' lang='lat' dir='ltr'><strong>quod</strong></span> 
     </span>
     <span class='ocr_line' id='line_1_4' title="bbox 304 861 1481 948; baseline 0 -22"><span class='ocrx_word' id='word_1_18' title='bbox 304 863 499 927; x_wconf 73' lang='lat' dir='ltr'><strong>admittatur</strong></span> <span class='ocrx_word' id='word_1_19' title='bbox 533 864 702 928; x_wconf 88' lang='lat' dir='ltr'><strong>nominum</strong></span> <span class='ocrx_word' id='word_1_20' title='bbox 737 863 908 928; x_wconf 85' lang='lat' dir='ltr'><strong>verborum</strong></span> <span class='ocrx_word' id='word_1_21' title='bbox 946 863 1224 948; x_wconf 73' lang='lat' dir='ltr'><strong>praepositionum</strong></span> <span class='ocrx_word' id='word_1_22' title='bbox 1261 861 1481 946; x_wconf 81' lang='lat' dir='ltr'><strong>detractione3</strong></span> 
     </span>
     <span class='ocr_line' id='line_1_5' title="bbox 304 969 1480 1054; baseline 0.002 -22"><span class='ocrx_word' id='word_1_23' title='bbox 304 992 369 1053; x_wconf 85' lang='lat' dir='ltr'><strong>qua</strong></span> <span class='ocrx_word' id='word_1_24' title='bbox 392 969 669 1035; x_wconf 89' lang='lat' dir='ltr'><strong>definitione&#39;non</strong></span> <span class='ocrx_word' id='word_1_25' title='bbox 691 970 755 1034; x_wconf 91' lang='lat' dir='ltr'><strong>nisi</strong></span> <span class='ocrx_word' id='word_1_26' title='bbox 774 971 816 1034; x_wconf 83' lang='lat' dir='ltr'><strong>ad</strong></span> <span class='ocrx_word' id='word_1_27' title='bbox 839 974 1021 1054; x_wconf 82' lang='lat' dir='ltr'><strong>externum,</strong></span> <span class='ocrx_word' id='word_1_28' title='bbox 1043 974 1082 1033; x_wconf 83' lang='lat' dir='ltr'><strong>ut</strong></span> <span class='ocrx_word' id='word_1_29' title='bbox 1103 970 1153 1034; x_wconf 79' lang='lat' dir='ltr'><strong>ita</strong></span> <span class='ocrx_word' id='word_1_30' title='bbox 1175 969 1293 1054; x_wconf 84' lang='lat' dir='ltr'><strong>dicem,</strong></span> <span class='ocrx_word' id='word_1_31' title='bbox 1317 970 1480 1034; x_wconf 80' lang='lat' dir='ltr'><strong>orationis</strong></span> 
     </span>
     <span class='ocr_line' id='line_1_6' title="bbox 302 1077 1480 1162; baseline 0 -22"><span class='ocrx_word' id='word_1_32' title='bbox 302 1077 453 1140; x_wconf 82' lang='lat' dir='ltr'><strong>habiturn</strong></span> <span class='ocrx_word' id='word_1_33' title='bbox 483 1081 633 1162; x_wconf 75' lang='lat' dir='ltr'><strong>spectent</strong></span> <span class='ocrx_word' id='word_1_34' title='bbox 667 1077 827 1161; x_wconf 80' lang='lat' dir='ltr'><strong>neglectis</strong></span> <span class='ocrx_word' id='word_1_35' title='bbox 863 1077 1005 1162; x_wconf 89' lang='lat' dir='ltr'><strong>propriis</strong></span> <span class='ocrx_word' id='word_1_36' title='bbox 1039 1077 1200 1161; x_wconf 90' lang='lat' dir='ltr'><strong>iustisque</strong></span> <span class='ocrx_word' id='word_1_37' title='bbox 1230 1077 1480 1141; x_wconf 77' lang='lat' dir='ltr'><strong>condicionibus</strong></span> 
     </span>
     <span class='ocr_line' id='line_1_7' title="bbox 302 1182 1480 1269; baseline 0.002 -24"><span class='ocrx_word' id='word_1_38' title='bbox 302 1182 501 1268; x_wconf 86' lang='lat' dir='ltr'><strong>finibusque,</strong></span> <span class='ocrx_word' id='word_1_39' title='bbox 530 1183 647 1268; x_wconf 88' lang='lat' dir='ltr'><strong>quibus</strong></span> <span class='ocrx_word' id='word_1_40' title='bbox 676 1183 757 1248; x_wconf 83' lang='lat' dir='ltr'><strong>haec</strong></span> <span class='ocrx_word' id='word_1_41' title='bbox 786 1183 944 1250; x_wconf 80' lang='lat' dir='ltr'><strong>detructio</strong></span> <span class='ocrx_word' id='word_1_42' title='bbox 972 1188 1145 1250; x_wconf 86' lang='lat' dir='ltr'><strong>coercetur.</strong></span> <span class='ocrx_word' id='word_1_43' title='bbox 1190 1182 1397 1248; x_wconf 80' lang='lat' dir='ltr'><strong>Charisius</strong></span> <span class='ocrx_word' id='word_1_44' title='bbox 1426 1207 1480 1269; x_wconf 81' lang='lat' dir='ltr'><strong>up.</strong></span> 
     </span>
     <span class='ocr_line' id='line_1_8' title="bbox 303 1288 575 1374; baseline 0.007 -22"><span class='ocrx_word' id='word_1_45' title='bbox 303 1288 421 1354; x_wconf 85' lang='lat' dir='ltr'><strong>Keill</strong></span> <span class='ocrx_word' id='word_1_46' title='bbox 443 1313 476 1374; x_wconf 92' lang='lat' dir='ltr'><strong>p.</strong></span> <span class='ocrx_word' id='word_1_47' title='bbox 494 1291 575 1354; x_wconf 73' lang='lat'><strong>271:</strong></span> 
     </span>
    </p>

    <p class='ocr_par' dir='ltr' id='par_1_3' title="bbox 301 1395 1482 1697">
     <span class='ocr_line' id='line_1_9' title="bbox 390 1395 1481 1481; baseline 0.001 -21"><span class='ocrx_word' id='word_1_48' title='bbox 390 1395 528 1480; x_wconf 55' lang='lat' dir='ltr'><strong>Euoras</strong></span> <span class='ocrx_word' id='word_1_49' title='bbox 549 1402 594 1462; x_wconf 81' lang='lat' dir='ltr'><strong>est</strong></span> <span class='ocrx_word' id='word_1_50' title='bbox 613 1399 764 1462; x_wconf 83' lang='lat' dir='ltr'><strong>sententia</strong></span> <span class='ocrx_word' id='word_1_51' title='bbox 790 1399 878 1462; x_wconf 84' lang='lat' dir='ltr'><strong>nerto</strong></span> <span class='ocrx_word' id='word_1_52' title='bbox 910 1399 1014 1462; x_wconf 86' lang='lat' dir='ltr'><strong>minor</strong></span> <span class='ocrx_word' id='word_1_53' title='bbox 1039 1415 1135 1476; x_wconf 68' lang='lat' dir='ltr'><strong>qucum</strong></span> <span class='ocrx_word' id='word_1_54' title='bbox 1161 1417 1277 1462; x_wconf 69' lang='lat' dir='ltr'><strong>ncccue</strong></span> <span class='ocrx_word' id='word_1_55' title='bbox 1302 1403 1360 1481; x_wconf 82' lang='lat' dir='ltr'><strong>cst,</strong></span> <span class='ocrx_word' id='word_1_56' title='bbox 1386 1398 1481 1462; x_wconf 82' lang='lat' dir='ltr'><strong>sclua</strong></span> 
     </span>
     <span class='ocr_line' id='line_1_10' title="bbox 302 1501 1482 1590; baseline 0.003 -24"><span class='ocrx_word' id='word_1_57' title='bbox 302 1508 406 1568; x_wconf 83' lang='lat' dir='ltr'><strong>tanen</strong></span> <span class='ocrx_word' id='word_1_58' title='bbox 418 1501 632 1590; x_wconf 67' lang='lat' dir='ltr'><strong>compositione</strong></span> <span class='ocrx_word' id='word_1_59' title='bbox 643 1504 811 1590; x_wconf 73' lang='lat' dir='ltr'><strong>onhomm,</strong></span> <span class='ocrx_word' id='word_1_60' title='bbox 833 1510 869 1568; x_wconf 85' lang='lat' dir='ltr'><strong>nt</strong></span> <span class='ocrx_word' id='word_1_61' title='bbox 878 1525 938 1588; x_wconf 79' lang='lat' dir='ltr'><strong>per</strong></span> <span class='ocrx_word' id='word_1_62' title='bbox 956 1510 1000 1569; x_wconf 77' lang='lat' dir='ltr'><strong>esi</strong></span> <span class='ocrx_word' id='word_1_63' title='bbox 1014 1505 1075 1588; x_wconf 83' lang='lat' dir='ltr'><strong>„in</strong></span> <span class='ocrx_word' id='word_1_64' title='bbox 1093 1506 1191 1569; x_wconf 84' lang='lat' dir='ltr'><strong>medio</strong></span> <span class='ocrx_word' id='word_1_65' title='bbox 1207 1505 1337 1568; x_wconf 78' lang='lat' dir='ltr'><strong>victorio</strong></span> <span class='ocrx_word' id='word_1_66' title='bbox 1353 1501 1482 1585; x_wconf 82' lang='lat' dir='ltr'><strong>ponto“</strong></span> 
     </span>
     <span class='ocr_line' id='line_1_11' title="bbox 301 1609 1443 1697; baseline -0.001 -22"><span class='ocrx_word' id='word_1_67' title='bbox 301 1615 331 1675; x_wconf 82' lang='lat' dir='ltr'><strong>et</strong></span> <span class='ocrx_word' id='word_1_68' title='bbox 351 1612 443 1696; x_wconf 78' lang='lat' dir='ltr'><strong>„iam</strong></span> <span class='ocrx_word' id='word_1_69' title='bbox 465 1611 580 1676; x_wconf 81' lang='lat' dir='ltr'><strong>Dandi</strong></span> <span class='ocrx_word' id='word_1_70' title='bbox 600 1613 665 1676; x_wconf 74' lang='lat' dir='ltr'><strong>nin</strong></span> <span class='ocrx_word' id='word_1_71' title='bbox 685 1610 848 1691; x_wconf 78' lang='lat' dir='ltr'><strong>reserunt“</strong></span> <span class='ocrx_word' id='word_1_72' title='bbox 862 1633 923 1694; x_wconf 81' lang='lat' dir='ltr'><strong>pro</strong></span> <span class='ocrx_word' id='word_1_73' title='bbox 944 1632 1008 1697; x_wconf 86' lang='lat' dir='ltr'><strong>„nc</strong></span> <span class='ocrx_word' id='word_1_74' title='bbox 1028 1612 1180 1690; x_wconf 51' lang='lat' dir='ltr'><strong>§widem</strong></span> <span class='ocrx_word' id='word_1_75' title='bbox 1200 1609 1374 1691; x_wconf 79' lang='lat' dir='ltr'><strong>referunt.“</strong></span> <span class='ocrx_word' id='word_1_76' title='bbox 1439 1682 1443 1688; x_wconf 55' lang='grc'><strong>,</strong></span> 
     </span>
    </p>

    <p class='ocr_par' dir='ltr' id='par_1_4' title="bbox 301 1733 1479 2143">
     <span class='ocr_line' id='line_1_12' title="bbox 390 1733 1479 1821; baseline 0.001 -21"><span class='ocrx_word' id='word_1_77' title='bbox 390 1733 509 1801; x_wconf 86' lang='lat' dir='ltr'><strong>Verbis</strong></span> <span class='ocrx_word' id='word_1_78' title='bbox 528 1737 639 1801; x_wconf 82' lang='lat' dir='ltr'><strong>salve</strong></span> <span class='ocrx_word' id='word_1_79' title='bbox 658 1735 939 1821; x_wconf 83' lang='lat' dir='ltr'><strong>compositione</strong></span> <span class='ocrx_word' id='word_1_80' title='bbox 954 1733 1121 1799; x_wconf 82' lang='lat' dir='ltr'><strong>Charisius</strong></span> <span class='ocrx_word' id='word_1_81' title='bbox 1139 1757 1205 1799; x_wconf 93' lang='lat' dir='ltr'><strong>non</strong></span> <span class='ocrx_word' id='word_1_82' title='bbox 1223 1739 1325 1820; x_wconf 80' lang='lat' dir='ltr'><strong>negat</strong></span> <span class='ocrx_word' id='word_1_83' title='bbox 1344 1735 1479 1820; x_wconf 87' lang='lat' dir='ltr'><strong>ellipsin</strong></span> 
     </span>
     <span class='ocr_line' id='line_1_13' title="bbox 302 1840 1478 1929; baseline 0.002 -23"><span class='ocrx_word' id='word_1_84' title='bbox 302 1863 374 1906; x_wconf 87' lang='lat' dir='ltr'><strong>esse</strong></span> <span class='ocrx_word' id='word_1_85' title='bbox 395 1842 527 1928; x_wconf 81' lang='lat' dir='ltr'><strong>vitium,</strong></span> <span class='ocrx_word' id='word_1_86' title='bbox 554 1843 675 1929; x_wconf 91' lang='lat' dir='ltr'><strong>quippe</strong></span> <span class='ocrx_word' id='word_1_87' title='bbox 698 1866 780 1928; x_wconf 84' lang='lat' dir='ltr'><strong>qnae</strong></span> <span class='ocrx_word' id='word_1_88' title='bbox 803 1842 838 1907; x_wconf 93' lang='lat' dir='ltr'><strong>id</strong></span> <span class='ocrx_word' id='word_1_89' title='bbox 860 1842 967 1907; x_wconf 89' lang='lat' dir='ltr'><strong>solum</strong></span> <span class='ocrx_word' id='word_1_90' title='bbox 994 1841 1057 1905; x_wconf 87' lang='lat' dir='ltr'><strong>sibi</strong></span> <span class='ocrx_word' id='word_1_91' title='bbox 1085 1840 1189 1906; x_wconf 87' lang='lat' dir='ltr'><strong>velint</strong></span> <span class='ocrx_word' id='word_1_92' title='bbox 1217 1842 1326 1928; x_wconf 89' lang='lat' dir='ltr'><strong>ellipsi</strong></span> <span class='ocrx_word' id='word_1_93' title='bbox 1349 1842 1478 1928; x_wconf 81' lang='lat' dir='ltr'><strong>aliquid</strong></span> 
     </span>
     <span class='ocr_line' id='line_1_14' title="bbox 301 1947 1478 2035; baseline 0.003 -23"><span class='ocrx_word' id='word_1_94' title='bbox 301 1948 350 2013; x_wconf 76' lang='lat' dir='ltr'><strong>itu</strong></span> <span class='ocrx_word' id='word_1_95' title='bbox 372 1949 496 2033; x_wconf 86' lang='lat' dir='ltr'><strong>omitti,</strong></span> <span class='ocrx_word' id='word_1_96' title='bbox 518 1953 555 2014; x_wconf 91' lang='lat' dir='ltr'><strong>ut</strong></span> <span class='ocrx_word' id='word_1_97' title='bbox 577 1954 650 2015; x_wconf 81' lang='lat' dir='ltr'><strong>tote</strong></span> <span class='ocrx_word' id='word_1_98' title='bbox 672 1949 866 2035; x_wconf 87' lang='lat' dir='ltr'><strong>compositio</strong></span> <span class='ocrx_word' id='word_1_99' title='bbox 883 1971 950 2014; x_wconf 91' lang='lat' dir='ltr'><strong>non</strong></span> <span class='ocrx_word' id='word_1_100' title='bbox 971 1970 1105 2032; x_wconf 83' lang='lat' dir='ltr'><strong>prorsus</strong></span> <span class='ocrx_word' id='word_1_101' title='bbox 1123 1947 1236 2033; x_wconf 81' lang='lat' dir='ltr'><strong>inepte</strong></span> <span class='ocrx_word' id='word_1_102' title='bbox 1252 1948 1405 2014; x_wconf 80' lang='lat' dir='ltr'><strong>habende</strong></span> <span class='ocrx_word' id='word_1_103' title='bbox 1423 1951 1478 2016; x_wconf 86' lang='lat' dir='ltr'><strong>sit</strong></span> 
     </span>
     <span class='ocr_line' id='line_1_15' title="bbox 302 2053 1048 2143; baseline 0 -23"><span class='ocrx_word' id='word_1_104' title='bbox 302 2053 507 2121; x_wconf 89' lang='lat' dir='ltr'><strong>Diomedes</strong></span> <span class='ocrx_word' id='word_1_105' title='bbox 532 2079 581 2141; x_wconf 86' lang='lat' dir='ltr'><strong>ep.</strong></span> <span class='ocrx_word' id='word_1_106' title='bbox 604 2056 688 2122; x_wconf 88' lang='lat' dir='ltr'><strong>Keil.</strong></span> <span class='ocrx_word' id='word_1_107' title='bbox 711 2055 789 2122; x_wconf 89' lang='lat' dir='ltr'><strong>ibid.</strong></span> <span class='ocrx_word' id='word_1_108' title='bbox 807 2082 838 2143; x_wconf 86' lang='lat' dir='ltr'><strong>p.</strong></span> <span class='ocrx_word' id='word_1_109' title='bbox 856 2057 923 2120; x_wconf 85' lang='lat'><strong>450</strong></span> <span class='ocrx_word' id='word_1_110' title='bbox 941 2055 1048 2120; x_wconf 89' lang='lat' dir='ltr'><strong>docet:</strong></span> 
     </span>
    </p>
   </div>
   <div class='ocr_carea' id='block_1_3' title="bbox 229 2179 1478 2482">
    <p class='ocr_par' dir='ltr' id='par_1_5' title="bbox 229 2179 1478 2482">
     <span class='ocr_line' id='line_1_16' title="bbox 389 2179 1478 2264; baseline 0.001 -17"><span class='ocrx_word' id='word_1_111' title='bbox 389 2181 527 2264; x_wconf 79' lang='lat' dir='ltr'><strong>Ellipsis</strong></span> <span class='ocrx_word' id='word_1_112' title='bbox 548 2188 592 2247; x_wconf 77' lang='lat' dir='ltr'><strong>esi</strong></span> <span class='ocrx_word' id='word_1_113' title='bbox 612 2182 787 2247; x_wconf 79' lang='lat' dir='ltr'><strong>neccssaria</strong></span> <span class='ocrx_word' id='word_1_114' title='bbox 814 2179 945 2246; x_wconf 80' lang='lat' dir='ltr'><strong>dictione</strong></span> <span class='ocrx_word' id='word_1_115' title='bbox 969 2180 1122 2259; x_wconf 76' lang='lat' dir='ltr'><strong>srucclato</strong></span> <span class='ocrx_word' id='word_1_116' title='bbox 1147 2183 1312 2264; x_wconf 71' lang='lat' dir='ltr'><strong>sententio,</strong></span> <span class='ocrx_word' id='word_1_117' title='bbox 1343 2179 1478 2260; x_wconf 56' lang='lat' dir='ltr'><strong>&amp;ledus</strong></span> 
     </span>
     <span class='ocr_line' id='line_1_17' title="bbox 301 2287 1477 2377; baseline 0.002 -24"><span class='ocrx_word' id='word_1_118' title='bbox 301 2289 431 2368; x_wconf 71' lang='lat' dir='ltr'><strong>qnidam</strong></span> <span class='ocrx_word' id='word_1_119' title='bbox 452 2291 640 2355; x_wconf 79' lang='lat' dir='ltr'><strong>necessariae</strong></span> <span class='ocrx_word' id='word_1_120' title='bbox 661 2289 817 2371; x_wconf 64' lang='lat' dir='ltr'><strong>dictione,</strong></span> <span class='ocrx_word' id='word_1_121' title='bbox 844 2308 938 2367; x_wconf 80' lang='lat' dir='ltr'><strong>quom</strong></span> <span class='ocrx_word' id='word_1_122' title='bbox 965 2287 1117 2352; x_wconf 67' lang='lat' dir='ltr'><strong>desidem</strong></span> <span class='ocrx_word' id='word_1_123' title='bbox 1144 2289 1288 2369; x_wconf 64' lang='lat' dir='ltr'><strong>maceca</strong></span> <span class='ocrx_word' id='word_1_124' title='bbox 1314 2293 1477 2377; x_wconf 72' lang='lat' dir='ltr'><strong>sententio,</strong></span> 
     </span>
     <span class='ocr_line' id='line_1_18' title="bbox 229 2390 1475 2482; baseline 0.002 -22"><span class='ocrx_word' id='word_1_125' title='bbox 229 2423 235 2439; x_wconf 81' lang='lat'><strong><em>¹</em></strong></span> <span class='ocrx_word' id='word_1_126' title='bbox 299 2401 335 2460; x_wconf 75' lang='lat' dir='ltr'><strong>ni</strong></span> <span class='ocrx_word' id='word_1_127' title='bbox 351 2401 416 2461; x_wconf 81' lang='lat' dir='ltr'><strong>cst:</strong></span> <span class='ocrx_word' id='word_1_128' title='bbox 438 2395 554 2482; x_wconf 72' lang='lat' dir='ltr'><strong>„ienis</strong></span> <span class='ocrx_word' id='word_1_129' title='bbox 576 2397 711 2461; x_wconf 80' lang='lat' dir='ltr'><strong>iacintus</strong></span> <span class='ocrx_word' id='word_1_130' title='bbox 732 2400 762 2460; x_wconf 83' lang='lat' dir='ltr'><strong>ct</strong></span> <span class='ocrx_word' id='word_1_131' title='bbox 782 2393 870 2459; x_wconf 78' lang='lat' dir='ltr'><strong>alio“</strong></span> <span class='ocrx_word' id='word_1_132' title='bbox 889 2392 1003 2481; x_wconf 81' lang='lat' dir='ltr'><strong>(Verg.</strong></span> <span class='ocrx_word' id='word_1_133' title='bbox 1022 2390 1475 2480; x_wconf 73' lang='lat' dir='ltr'><strong>Aen13)‚oumdesitprae-</strong></span> 
     </span>
    </p>
   </div>
   <div class='ocr_carea' id='block_1_4' title="bbox 188 2498 1478 2590">
    <p class='ocr_par' dir='ltr' id='par_1_6' title="bbox 188 2498 1478 2590">
     <span class='ocr_line' id='line_1_19' title="bbox 188 2498 1478 2590; baseline 0.001 -22"><span class='ocrx_word' id='word_1_134' title='bbox 188 2516 196 2527; x_wconf 93' lang='grc'><em>“</em></span> <span class='ocrx_word' id='word_1_135' title='bbox 293 2504 410 2586; x_wconf 78' lang='lat' dir='ltr'><strong>positio</strong></span> <span class='ocrx_word' id='word_1_136' title='bbox 433 2501 530 2588; x_wconf 82' lang='lat' dir='ltr'><strong>„in“;</strong></span> <span class='ocrx_word' id='word_1_137' title='bbox 554 2504 627 2567; x_wconf 84' lang='lat' dir='ltr'><strong>item</strong></span> <span class='ocrx_word' id='word_1_138' title='bbox 646 2502 804 2588; x_wconf 81' lang='lat' dir='ltr'><strong>„ltaliam</strong></span> <span class='ocrx_word' id='word_1_139' title='bbox 819 2501 887 2582; x_wconf 83' lang='lat' dir='ltr'><strong>fato</strong></span> <span class='ocrx_word' id='word_1_140' title='bbox 910 2498 1090 2584; x_wconf 45' lang='grc' dir='ltr'><strong>βαίνω(</strong></span> <span class='ocrx_word' id='word_1_141' title='bbox 1114 2498 1228 2585; x_wconf 85' lang='lat' dir='ltr'><strong>(Verg.</strong></span> <span class='ocrx_word' id='word_1_142' title='bbox 1242 2499 1349 2568; x_wconf 83' lang='lat' dir='ltr'><strong>Aeul</strong></span> <span class='ocrx_word' id='word_1_143' title='bbox 1364 2501 1417 2590; x_wconf 81' lang='lat'><strong>2),</strong></span> <span class='ocrx_word' id='word_1_144' title='bbox 1443 2504 1478 2570; x_wconf 83' lang='lat' dir='ltr'><strong>id</strong></span> 
     </span>
    </p>
   </div>
   <div class='ocr_carea' id='block_1_5' title="bbox 298 2605 1591 3225">
    <p class='ocr_par' dir='ltr' id='par_1_7' title="bbox 298 2605 1591 3225">
     <span class='ocr_line' id='line_1_20' title="bbox 299 2605 1475 2695; baseline 0.003 -21"><span class='ocrx_word' id='word_1_145' title='bbox 299 2613 344 2674; x_wconf 76' lang='lat' dir='ltr'><strong>est</strong></span> <span class='ocrx_word' id='word_1_146' title='bbox 359 2609 431 2695; x_wconf 79' lang='lat' dir='ltr'><strong>„ad</strong></span> <span class='ocrx_word' id='word_1_147' title='bbox 446 2607 609 2674; x_wconf 78' lang='lat' dir='ltr'><strong>ltaliam“.</strong></span> <span class='ocrx_word' id='word_1_148' title='bbox 622 2646 667 2655; x_wconf 92' lang='lat'><em>—</em></span> <span class='ocrx_word' id='word_1_149' title='bbox 683 2607 832 2673; x_wconf 82' lang='lat' dir='ltr'><strong>Alteram</strong></span> <span class='ocrx_word' id='word_1_150' title='bbox 853 2605 1019 2671; x_wconf 89' lang='lat' dir='ltr'><strong>Diomedis</strong></span> <span class='ocrx_word' id='word_1_151' title='bbox 1036 2606 1234 2672; x_wconf 88' lang='lat' dir='ltr'><strong>definitionis</strong></span> <span class='ocrx_word' id='word_1_152' title='bbox 1252 2614 1382 2693; x_wconf 83' lang='lat' dir='ltr'><strong>partem</strong></span> <span class='ocrx_word' id='word_1_153' title='bbox 1398 2612 1475 2677; x_wconf 90' lang='lat' dir='ltr'><strong>inde</strong></span> 
     </span>
     <span class='ocr_line' id='line_1_21' title="bbox 300 2713 1591 2801; baseline 0.004 -22"><span class='ocrx_word' id='word_1_154' title='bbox 300 2738 319 2779; x_wconf 82' lang='lat' dir='ltr'>a</span> <span class='ocrx_word' id='word_1_155' title='bbox 342 2715 442 2780; x_wconf 87' lang='lat' dir='ltr'><strong>verbo</strong></span> <span class='ocrx_word' id='word_1_156' title='bbox 466 2713 640 2780; x_wconf 89' lang='lat' dir='ltr'><strong>defectus</strong></span> <span class='ocrx_word' id='word_1_157' title='bbox 664 2715 704 2780; x_wconf 83' lang='lat' dir='ltr'><strong>nd</strong></span> <span class='ocrx_word' id='word_1_158' title='bbox 732 2714 866 2779; x_wconf 88' lang='lat' dir='ltr'><strong>verbum</strong></span> <span class='ocrx_word' id='word_1_159' title='bbox 888 2713 1041 2798; x_wconf 82' lang='lat' dir='ltr'><strong>repetivit</strong></span> <span class='ocrx_word' id='word_1_160' title='bbox 1059 2713 1239 2779; x_wconf 87' lang='lat' dir='ltr'><strong>Donatus</strong></span> <span class='ocrx_word' id='word_1_161' title='bbox 1260 2739 1311 2801; x_wconf 82' lang='lat' dir='ltr'><strong>ep.</strong></span> <span class='ocrx_word' id='word_1_162' title='bbox 1325 2717 1412 2784; x_wconf 89' lang='lat' dir='ltr'><strong>Keil.</strong></span> <span class='ocrx_word' id='word_1_163' title='bbox 1426 2719 1474 2784; x_wconf 92' lang='lat' dir='ltr'><strong>IV</strong></span> <span class='ocrx_word' id='word_1_164' title='bbox 1588 2733 1591 2738; x_wconf 82' lang='grc'><em>“</em></span> 
     </span>
     <span class='ocr_line' id='line_1_22' title="bbox 298 2818 1475 2905; baseline 0.003 -21"><span class='ocrx_word' id='word_1_165' title='bbox 298 2843 329 2904; x_wconf 91' lang='lat' dir='ltr'><strong>p.</strong></span> <span class='ocrx_word' id='word_1_166' title='bbox 348 2821 414 2885; x_wconf 85' lang='lat'><strong>395</strong></span> <span class='ocrx_word' id='word_1_167' title='bbox 447 2820 559 2886; x_wconf 84' lang='lat' dir='ltr'><strong>addito</strong></span> <span class='ocrx_word' id='word_1_168' title='bbox 596 2821 662 2886; x_wconf 84' lang='lat' dir='ltr'><strong>elio</strong></span> <span class='ocrx_word' id='word_1_169' title='bbox 699 2820 861 2904; x_wconf 83' lang='lat' dir='ltr'><strong>exemplo:</strong></span> <span class='ocrx_word' id='word_1_170' title='bbox 900 2819 998 2905; x_wconf 85' lang='lat' dir='ltr'><strong>Verg.</strong></span> <span class='ocrx_word' id='word_1_171' title='bbox 1025 2818 1104 2885; x_wconf 82' lang='lat' dir='ltr'><strong>Aen.</strong></span> <span class='ocrx_word' id='word_1_172' title='bbox 1130 2821 1205 2885; x_wconf 88' lang='grc'><strong>141</strong></span> <span class='ocrx_word' id='word_1_173' title='bbox 1243 2818 1320 2888; x_wconf 77' lang='lat' dir='ltr'><strong>boec</strong></span> <span class='ocrx_word' id='word_1_174' title='bbox 1355 2846 1475 2890; x_wconf 65' lang='lat' dir='ltr'><strong>mcum:</strong></span> 
     </span>
     <span class='ocr_line' id='line_1_23' title="bbox 300 2925 1474 3012; baseline 0.007 -22"><span class='ocrx_word' id='word_1_175' title='bbox 300 2926 391 2992; x_wconf 89' lang='lat' dir='ltr'><strong>deest</strong></span> <span class='ocrx_word' id='word_1_176' title='bbox 413 2927 501 2992; x_wconf 90' lang='lat' dir='ltr'><strong>enim</strong></span> <span class='ocrx_word' id='word_1_177' title='bbox 523 2928 771 3012; x_wconf 78' lang='lat' dir='ltr'><strong>loquebatur3</strong></span> <span class='ocrx_word' id='word_1_178' title='bbox 793 2925 833 2992; x_wconf 89' lang='lat' dir='ltr'><strong>cf.</strong></span> <span class='ocrx_word' id='word_1_179' title='bbox 857 2927 955 2990; x_wconf 87' lang='lat' dir='ltr'><strong>etiarn</strong></span> <span class='ocrx_word' id='word_1_180' title='bbox 982 2926 1118 3011; x_wconf 90' lang='lat' dir='ltr'><strong>Pompei</strong></span> <span class='ocrx_word' id='word_1_181' title='bbox 1146 2935 1366 2996; x_wconf 90' lang='lat' dir='ltr'><strong>commentum</strong></span> <span class='ocrx_word' id='word_1_182' title='bbox 1390 2934 1474 2998; x_wconf 86' lang='lat' dir='ltr'><strong>artis</strong></span> 
     </span>
     <span class='ocr_line' id='line_1_24' title="bbox 298 3033 1474 3119; baseline 0.007 -21"><span class='ocrx_word' id='word_1_183' title='bbox 298 3033 422 3099; x_wconf 78' lang='lat' dir='ltr'><strong>Donati</strong></span> <span class='ocrx_word' id='word_1_184' title='bbox 456 3057 506 3119; x_wconf 82' lang='lat' dir='ltr'><strong>ep.</strong></span> <span class='ocrx_word' id='word_1_185' title='bbox 529 3033 659 3099; x_wconf 90' lang='lat' dir='ltr'><strong>KeilV</strong></span> <span class='ocrx_word' id='word_1_186' title='bbox 679 3058 710 3119; x_wconf 91' lang='lat' dir='ltr'><strong>p.</strong></span> <span class='ocrx_word' id='word_1_187' title='bbox 729 3035 804 3100; x_wconf 77' lang='lat'><strong>294.</strong></span> <span class='ocrx_word' id='word_1_188' title='bbox 827 3069 872 3079; x_wconf 97' lang='lat'>-</span> <span class='ocrx_word' id='word_1_189' title='bbox 902 3033 1048 3097; x_wconf 84' lang='lat' dir='ltr'><strong>Marius</strong></span> <span class='ocrx_word' id='word_1_190' title='bbox 1090 3033 1244 3100; x_wconf 88' lang='lat' dir='ltr'><strong>Plotius</strong></span> <span class='ocrx_word' id='word_1_191' title='bbox 1281 3035 1474 3106; x_wconf 83' lang='lat' dir='ltr'><strong>Sacerdos</strong></span> 
     </span>
     <span class='ocr_line' id='line_1_25' title="bbox 298 3139 1475 3225; baseline 0.008 -21"><span class='ocrx_word' id='word_1_192' title='bbox 298 3139 549 3225; x_wconf 84' lang='lat' dir='ltr'><strong>ap.Keil.VIp.</strong></span> <span class='ocrx_word' id='word_1_193' title='bbox 572 3141 639 3205; x_wconf 82' lang='lat'><strong>454</strong></span> <span class='ocrx_word' id='word_1_194' title='bbox 663 3141 770 3206; x_wconf 88' lang='lat' dir='ltr'><strong>docet:</strong></span> <span class='ocrx_word' id='word_1_195' title='bbox 801 3139 968 3224; x_wconf 69' lang='lat' dir='ltr'><strong>Eclipstc*</strong></span> <span class='ocrx_word' id='word_1_196' title='bbox 999 3145 1044 3204; x_wconf 79' lang='lat' dir='ltr'><strong>est</strong></span> <span class='ocrx_word' id='word_1_197' title='bbox 1077 3161 1185 3206; x_wconf 67' lang='lat' dir='ltr'><strong>censue</strong></span> <span class='ocrx_word' id='word_1_198' title='bbox 1220 3143 1326 3210; x_wconf 81' lang='lat' dir='ltr'><strong>minus</strong></span> <span class='ocrx_word' id='word_1_199' title='bbox 1359 3146 1475 3213; x_wconf 71' lang='lat' dir='ltr'><strong>nabes</strong></span> 
     </span>
    </p>
   </div>
   <div class='ocr_carea' id='block_1_6' title="bbox 217 3348 1475 4055">
    <p class='ocr_par' dir='ltr' id='par_1_8' title="bbox 217 3348 1475 4055">
     <span class='ocr_line' id='line_1_26' title="bbox 386 3348 1473 3426; baseline 0.006 -22"><span class='ocrx_word' id='word_1_200' title='bbox 386 3352 402 3385; x_wconf 69' lang='lat'>¹</span> <span class='ocrx_word' id='word_1_201' title='bbox 422 3349 520 3404; x_wconf 87' lang='lat' dir='ltr'><strong>Utrum</strong></span> <span class='ocrx_word' id='word_1_202' title='bbox 549 3349 673 3420; x_wconf 71' lang='grc' dir='ltr'><strong>ἔκλειψις</strong></span> <span class='ocrx_word' id='word_1_203' title='bbox 696 3351 790 3406; x_wconf 90' lang='lat' dir='ltr'><strong>verior</strong></span> <span class='ocrx_word' id='word_1_204' title='bbox 815 3350 853 3405; x_wconf 86' lang='lat' dir='ltr'><strong>eit</strong></span> <span class='ocrx_word' id='word_1_205' title='bbox 878 3350 968 3404; x_wconf 80' lang='lat' dir='ltr'><strong>forma</strong></span> <span class='ocrx_word' id='word_1_206' title='bbox 992 3366 1029 3403; x_wconf 80' lang='lat' dir='ltr'><strong>un</strong></span> <span class='ocrx_word' id='word_1_207' title='bbox 1053 3348 1176 3420; x_wconf 73' lang='grc' dir='ltr'><strong>ἔλλειψις</strong></span> <span class='ocrx_word' id='word_1_208' title='bbox 1199 3350 1248 3405; x_wconf 83' lang='lat' dir='ltr'><strong>vix</strong></span> <span class='ocrx_word' id='word_1_209' title='bbox 1273 3353 1331 3408; x_wconf 89' lang='lat' dir='ltr'><strong>dici</strong></span> <span class='ocrx_word' id='word_1_210' title='bbox 1358 3359 1473 3426; x_wconf 81' lang='lat' dir='ltr'><strong>potest3</strong></span> 
     </span>
     <span class='ocr_line' id='line_1_27' title="bbox 296 3437 1475 3528; baseline 0.007 -34"><span class='ocrx_word' id='word_1_211' title='bbox 296 3457 315 3494; x_wconf 83' lang='lat' dir='ltr'>a</span> <span class='ocrx_word' id='word_1_212' title='bbox 339 3438 482 3494; x_wconf 86' lang='lat' dir='ltr'><strong>veteribus</strong></span> <span class='ocrx_word' id='word_1_213' title='bbox 506 3443 625 3508; x_wconf 72' lang='lat' dir='ltr'><strong>ubsque</strong></span> <span class='ocrx_word' id='word_1_214' title='bbox 650 3439 781 3494; x_wconf 80' lang='lat' dir='ltr'><strong>adhibite</strong></span> <span class='ocrx_word' id='word_1_215' title='bbox 808 3441 860 3494; x_wconf 90' lang='lat' dir='ltr'><strong>est.</strong></span> <span class='ocrx_word' id='word_1_216' title='bbox 903 3438 937 3493; x_wconf 88' lang='lat' dir='ltr'><strong>K.</strong></span> <span class='ocrx_word' id='word_1_217' title='bbox 956 3437 988 3493; x_wconf 78' lang='lat' dir='ltr'><strong>n.</strong></span> <span class='ocrx_word' id='word_1_218' title='bbox 1008 3439 1040 3494; x_wconf 79' lang='lat' dir='ltr'><strong>A.</strong></span> <span class='ocrx_word' id='word_1_219' title='bbox 1060 3438 1231 3528; x_wconf 65' lang='lat' dir='ltr'><strong>Schmidt,</strong></span> <span class='ocrx_word' id='word_1_220' title='bbox 1262 3443 1395 3517; x_wconf 77' lang='lat' dir='ltr'><strong>Beitrdpc</strong></span> <span class='ocrx_word' id='word_1_221' title='bbox 1422 3463 1475 3504; x_wconf 79' lang='lat' dir='ltr'><strong>snr</strong></span> 
     </span>
     <span class='ocr_line' id='line_1_28' title="bbox 217 3517 1473 3602; baseline 0.006 -18"><span class='ocrx_word' id='word_1_222' title='bbox 217 3517 220 3522; x_wconf 87' lang='grc'><strong>’</strong></span> <span class='ocrx_word' id='word_1_223' title='bbox 297 3528 454 3584; x_wconf 67' lang='lat' dir='ltr'><strong>eenmn</strong></span> <span class='ocrx_word' id='word_1_224' title='bbox 484 3531 532 3584; x_wconf 66' lang='lat' dir='ltr'><strong>uer</strong></span> <span class='ocrx_word' id='word_1_225' title='bbox 560 3529 734 3584; x_wconf 68' lang='lat' dir='ltr'><strong>eamearn</strong></span> <span class='ocrx_word' id='word_1_226' title='bbox 765 3529 812 3583; x_wconf 67' lang='lat' dir='ltr'><strong>nes</strong></span> <span class='ocrx_word' id='word_1_227' title='bbox 839 3527 1030 3582; x_wconf 54' lang='lat' dir='ltr'><strong>menone</strong></span> <span class='ocrx_word' id='word_1_228' title='bbox 1057 3529 1118 3583; x_wconf 72' lang='lat' dir='ltr'><strong>eno</strong></span> <span class='ocrx_word' id='word_1_229' title='bbox 1144 3529 1353 3602; x_wconf 57' lang='lat' dir='ltr'><strong>mensem,</strong></span> <span class='ocrx_word' id='word_1_230' title='bbox 1387 3538 1473 3595; x_wconf 69' lang='lat' dir='ltr'><strong>nane</strong></span> 
     </span>
     <span class='ocr_line' id='line_1_29' title="bbox 297 3615 1473 3688; baseline 0.01 -16"><span class='ocrx_word' id='word_1_231' title='bbox 297 3623 366 3674; x_wconf 71' lang='lat'>1859</span> <span class='ocrx_word' id='word_1_232' title='bbox 380 3637 409 3688; x_wconf 90' lang='lat' dir='ltr'><strong>p.</strong></span> <span class='ocrx_word' id='word_1_233' title='bbox 423 3623 475 3673; x_wconf 77' lang='lat'><strong>408</strong></span> <span class='ocrx_word' id='word_1_234' title='bbox 494 3618 575 3672; x_wconf 83' lang='lat' dir='ltr'><strong>Arm</strong></span> <span class='ocrx_word' id='word_1_235' title='bbox 591 3624 625 3673; x_wconf 82' lang='lat'><strong>34</strong></span> <span class='ocrx_word' id='word_1_236' title='bbox 649 3635 683 3673; x_wconf 83' lang='lat' dir='ltr'><strong>ex</strong></span> <span class='ocrx_word' id='word_1_237' title='bbox 706 3615 850 3671; x_wconf 84' lang='lat' dir='ltr'><strong>codicibus</strong></span> <span class='ocrx_word' id='word_1_238' title='bbox 878 3633 938 3671; x_wconf 89' lang='lat' dir='ltr'><strong>rem</strong></span> <span class='ocrx_word' id='word_1_239' title='bbox 965 3616 1119 3672; x_wconf 82' lang='lat' dir='ltr'><strong>diiudicare</strong></span> <span class='ocrx_word' id='word_1_240' title='bbox 1147 3621 1298 3674; x_wconf 81' lang='lat' dir='ltr'><strong>conaturus</strong></span> <span class='ocrx_word' id='word_1_241' title='bbox 1321 3639 1376 3679; x_wconf 89' lang='lat' dir='ltr'><strong>nec</strong></span> <span class='ocrx_word' id='word_1_242' title='bbox 1401 3629 1473 3684; x_wconf 89' lang='lat' dir='ltr'><strong>certi</strong></span> 
     </span>
     <span class='ocr_line' id='line_1_30' title="bbox 295 3705 1473 3777; baseline 0.006 -16"><span class='ocrx_word' id='word_1_243' title='bbox 295 3707 450 3777; x_wconf 81' lang='lat' dir='ltr'><strong>quidquem</strong></span> <span class='ocrx_word' id='word_1_244' title='bbox 489 3706 649 3762; x_wconf 77' lang='lat' dir='ltr'><strong>enucleavit</strong></span> <span class='ocrx_word' id='word_1_245' title='bbox 676 3723 729 3760; x_wconf 88' lang='lat' dir='ltr'><strong>nec</strong></span> <span class='ocrx_word' id='word_1_246' title='bbox 760 3706 908 3761; x_wconf 84' lang='lat' dir='ltr'><strong>enucleare</strong></span> <span class='ocrx_word' id='word_1_247' title='bbox 937 3705 1044 3776; x_wconf 90' lang='lat' dir='ltr'><strong>potnit,</strong></span> <span class='ocrx_word' id='word_1_248' title='bbox 1075 3706 1142 3775; x_wconf 79' lang='lat' dir='ltr'><strong>quia</strong></span> <span class='ocrx_word' id='word_1_249' title='bbox 1170 3707 1333 3765; x_wconf 73' lang='lat' dir='ltr'><strong>novissimis</strong></span> <span class='ocrx_word' id='word_1_250' title='bbox 1362 3715 1473 3773; x_wconf 81' lang='lat' dir='ltr'><strong>Halmii</strong></span> 
     </span>
     <span class='ocr_line' id='line_1_31' title="bbox 296 3795 1473 3867; baseline 0.011 -16"><span class='ocrx_word' id='word_1_251' title='bbox 296 3795 497 3867; x_wconf 82' lang='lat' dir='ltr'><strong>Spengeliique</strong></span> <span class='ocrx_word' id='word_1_252' title='bbox 515 3795 616 3850; x_wconf 87' lang='lat' dir='ltr'><strong>studiis</strong></span> <span class='ocrx_word' id='word_1_253' title='bbox 635 3795 665 3849; x_wconf 88' lang='lat' dir='ltr'><strong>in</strong></span> <span class='ocrx_word' id='word_1_254' title='bbox 683 3796 828 3850; x_wconf 86' lang='lat' dir='ltr'><strong>rhetorum</strong></span> <span class='ocrx_word' id='word_1_255' title='bbox 846 3795 1015 3850; x_wconf 73' lang='lat' dir='ltr'><strong>Graecorum</strong></span> <span class='ocrx_word' id='word_1_256' title='bbox 1033 3795 1251 3866; x_wconf 81' lang='lat' dir='ltr'><strong>Latinorumque</strong></span> <span class='ocrx_word' id='word_1_257' title='bbox 1271 3803 1473 3864; x_wconf 77' lang='lat' dir='ltr'><strong>emendatione</strong></span> 
     </span>
     <span class='ocr_line' id='line_1_32' title="bbox 295 3883 1473 3956; baseline 0.011 -16"><span class='ocrx_word' id='word_1_258' title='bbox 295 3885 467 3956; x_wconf 88' lang='lat' dir='ltr'><strong>consumptis</strong></span> <span class='ocrx_word' id='word_1_259' title='bbox 485 3885 540 3940; x_wconf 92' lang='lat' dir='ltr'><strong>niti</strong></span> <span class='ocrx_word' id='word_1_260' title='bbox 558 3883 701 3954; x_wconf 80' lang='lat' dir='ltr'><strong>nequibat.</strong></span> <span class='ocrx_word' id='word_1_261' title='bbox 739 3884 796 3939; x_wconf 84' lang='lat' dir='ltr'><strong>Sed</strong></span> <span class='ocrx_word' id='word_1_262' title='bbox 814 3883 924 3940; x_wconf 88' lang='lat' dir='ltr'><strong>omissis</strong></span> <span class='ocrx_word' id='word_1_263' title='bbox 943 3883 1088 3940; x_wconf 85' lang='lat' dir='ltr'><strong>codicibus</strong></span> <span class='ocrx_word' id='word_1_264' title='bbox 1105 3883 1136 3938; x_wconf 91' lang='lat' dir='ltr'><strong>in</strong></span> <span class='ocrx_word' id='word_1_265' title='bbox 1153 3885 1315 3943; x_wconf 82' lang='lat' dir='ltr'><strong>universum</strong></span> <span class='ocrx_word' id='word_1_266' title='bbox 1333 3891 1394 3948; x_wconf 80' lang='lat' dir='ltr'><strong>iem</strong></span> <span class='ocrx_word' id='word_1_267' title='bbox 1413 3897 1473 3953; x_wconf 89' lang='lat' dir='ltr'><strong>dici</strong></span> 
     </span>
     <span class='ocr_line' id='line_1_33' title="bbox 294 3971 1473 4055; baseline 0.011 -25"><span class='ocrx_word' id='word_1_268' title='bbox 294 3978 389 4046; x_wconf 89' lang='lat' dir='ltr'><strong>potest</strong></span> <span class='ocrx_word' id='word_1_269' title='bbox 416 3977 525 4030; x_wconf 84' lang='lat' dir='ltr'><strong>veteres</strong></span> <span class='ocrx_word' id='word_1_270' title='bbox 548 3973 596 4028; x_wconf 83' lang='lat' dir='ltr'><strong>rix</strong></span> <span class='ocrx_word' id='word_1_271' title='bbox 620 3972 835 4043; x_wconf 81' lang='lat' dir='ltr'><strong>etymologicam</strong></span> <span class='ocrx_word' id='word_1_272' title='bbox 858 3973 937 4027; x_wconf 83' lang='lat' dir='ltr'><strong>illem</strong></span> <span class='ocrx_word' id='word_1_273' title='bbox 964 3989 1020 4042; x_wconf 79' lang='lat' dir='ltr'><strong>que</strong></span> <span class='ocrx_word' id='word_1_274' title='bbox 1042 3971 1172 4028; x_wconf 84' lang='lat' dir='ltr'><strong>Schmidt</strong></span> <span class='ocrx_word' id='word_1_275' title='bbox 1195 3977 1321 4034; x_wconf 81' lang='lat' dir='ltr'><strong>secrevit</strong></span> <span class='ocrx_word' id='word_1_276' title='bbox 1340 3979 1473 4055; x_wconf 75' lang='grc' dir='ltr'><strong>ἔκλειψιν</strong></span> 
     </span>
    </p>
   </div>
   <div class='ocr_carea' id='block_1_7' title="bbox 204 4060 1472 4138">
    <p class='ocr_par' dir='ltr' id='par_1_9' title="bbox 204 4060 1472 4138">
     <span class='ocr_line' id='line_1_34' title="bbox 204 4060 1472 4138; baseline 0.004 -19"><span class='ocrx_word' id='word_1_277' title='bbox 204 4093 207 4096; x_wconf 96' lang='grc'>-</span> <span class='ocrx_word' id='word_1_278' title='bbox 294 4065 331 4119; x_wconf 81' lang='lat' dir='ltr'><strong>ab</strong></span> <span class='ocrx_word' id='word_1_279' title='bbox 355 4063 462 4134; x_wconf 70' lang='grc' dir='ltr'><strong>ἕλιειψι</strong></span> <span class='ocrx_word' id='word_1_280' title='bbox 486 4061 784 4132; x_wconf 63' lang='lat' dir='ltr'><strong>distinctionemque</strong></span> <span class='ocrx_word' id='word_1_281' title='bbox 807 4061 922 4132; x_wconf 85' lang='lat' dir='ltr'><strong>quidem</strong></span> <span class='ocrx_word' id='word_1_282' title='bbox 944 4060 995 4115; x_wconf 83' lang='lat' dir='ltr'><strong>ille</strong></span> <span class='ocrx_word' id='word_1_283' title='bbox 1017 4061 1055 4116; x_wconf 87' lang='lat' dir='ltr'><strong>sit</strong></span> <span class='ocrx_word' id='word_1_284' title='bbox 1076 4077 1142 4116; x_wconf 83' lang='lat' dir='ltr'><strong>rere</strong></span> <span class='ocrx_word' id='word_1_285' title='bbox 1165 4062 1292 4120; x_wconf 87' lang='lat' dir='ltr'><strong>defectus</strong></span> <span class='ocrx_word' id='word_1_286' title='bbox 1316 4071 1472 4138; x_wconf 76' lang='lat' dir='ltr'><strong>(detractio</strong></span> 
     </span>
    </p>
   </div>
   <div class='ocr_carea' id='block_1_8' title="bbox 291 4150 1473 4568">
    <p class='ocr_par' dir='ltr' id='par_1_10' title="bbox 291 4150 1473 4568">
     <span class='ocr_line' id='line_1_35' title="bbox 294 4150 1473 4222; baseline 0.004 -16"><span class='ocrx_word' id='word_1_287' title='bbox 294 4151 429 4222; x_wconf 82' lang='lat' dir='ltr'><strong>delectio)</strong></span> <span class='ocrx_word' id='word_1_288' title='bbox 448 4151 591 4220; x_wconf 80' lang='lat' dir='ltr'><strong>cretionis,</strong></span> <span class='ocrx_word' id='word_1_289' title='bbox 609 4152 681 4206; x_wconf 78' lang='lat' dir='ltr'><strong>hoec</strong></span> <span class='ocrx_word' id='word_1_290' title='bbox 700 4151 794 4222; x_wconf 86' lang='lat' dir='ltr'><strong>specis</strong></span> <span class='ocrx_word' id='word_1_291' title='bbox 813 4151 948 4218; x_wconf 80' lang='lat' dir='ltr'><strong>defectus,</strong></span> <span class='ocrx_word' id='word_1_292' title='bbox 968 4167 1032 4204; x_wconf 90' lang='lat' dir='ltr'><strong>cnm</strong></span> <span class='ocrx_word' id='word_1_293' title='bbox 1049 4150 1079 4204; x_wconf 91' lang='lat' dir='ltr'><strong>id</strong></span> <span class='ocrx_word' id='word_1_294' title='bbox 1097 4151 1174 4219; x_wconf 90' lang='lat' dir='ltr'><strong>quod</strong></span> <span class='ocrx_word' id='word_1_295' title='bbox 1197 4151 1333 4206; x_wconf 85' lang='lat' dir='ltr'><strong>omissum</strong></span> <span class='ocrx_word' id='word_1_296' title='bbox 1355 4153 1473 4210; x_wconf 85' lang='lat' dir='ltr'><strong>videtur</strong></span> 
     </span>
     <span class='ocr_line' id='line_1_36' title="bbox 292 4239 1472 4311; baseline 0.004 -15"><span class='ocrx_word' id='word_1_297' title='bbox 292 4245 389 4296; x_wconf 78' lang='lat' dir='ltr'><strong>tumen</strong></span> <span class='ocrx_word' id='word_1_298' title='bbox 412 4241 535 4296; x_wconf 69' lang='lat' dir='ltr'><strong>latenter</strong></span> <span class='ocrx_word' id='word_1_299' title='bbox 559 4240 661 4296; x_wconf 86' lang='lat' dir='ltr'><strong>ceteris</strong></span> <span class='ocrx_word' id='word_1_300' title='bbox 685 4239 779 4296; x_wconf 83' lang='lat' dir='ltr'><strong>verbis</strong></span> <span class='ocrx_word' id='word_1_301' title='bbox 805 4239 916 4294; x_wconf 80' lang='lat' dir='ltr'><strong>dicatur</strong></span> <span class='ocrx_word' id='word_1_302' title='bbox 940 4239 1080 4308; x_wconf 86' lang='lat' dir='ltr'><strong>(Schmidt</strong></span> <span class='ocrx_word' id='word_1_303' title='bbox 1103 4239 1190 4296; x_wconf 84' lang='lat' dir='ltr'><strong>vertit</strong></span> <span class='ocrx_word' id='word_1_304' title='bbox 1215 4239 1373 4311; x_wconf 73' lang='grc' dir='ltr'><strong>ἔλλειψιν</strong></span> <span class='ocrx_word' id='word_1_305' title='bbox 1399 4261 1472 4302; x_wconf 87' lang='lat' dir='ltr'><strong>voce</strong></span> 
     </span>
     <span class='ocr_line' id='line_1_37' title="bbox 292 4327 1471 4404; baseline 0.005 -20"><span class='ocrx_word' id='word_1_306' title='bbox 292 4331 564 4403; x_wconf 79' lang='lat' dir='ltr'><strong>Innenlnssnng)</strong></span> <span class='ocrx_word' id='word_1_307' title='bbox 578 4363 612 4371; x_wconf 90' lang='lat'>-</span> <span class='ocrx_word' id='word_1_308' title='bbox 625 4333 743 4397; x_wconf 81' lang='lat' dir='ltr'><strong>veteres,</strong></span> <span class='ocrx_word' id='word_1_309' title='bbox 754 4328 878 4398; x_wconf 82' lang='lat' dir='ltr'><strong>inquam,</strong></span> <span class='ocrx_word' id='word_1_310' title='bbox 887 4328 935 4383; x_wconf 85' lang='lat' dir='ltr'><strong>vix</strong></span> <span class='ocrx_word' id='word_1_311' title='bbox 948 4329 1022 4382; x_wconf 77' lang='lat' dir='ltr'><strong>hunc</strong></span> <span class='ocrx_word' id='word_1_312' title='bbox 1032 4327 1243 4384; x_wconf 80' lang='lat' dir='ltr'><strong>distinctionem</strong></span> <span class='ocrx_word' id='word_1_313' title='bbox 1257 4329 1287 4384; x_wconf 88' lang='lat' dir='ltr'><strong>in</strong></span> <span class='ocrx_word' id='word_1_314' title='bbox 1296 4335 1471 4404; x_wconf 73' lang='lat' dir='ltr'><strong>usurpandis</strong></span> 
     </span>
     <span class='ocr_line' id='line_1_38' title="bbox 291 4416 1471 4493; baseline 0.002 -18"><span class='ocrx_word' id='word_1_315' title='bbox 291 4419 420 4475; x_wconf 83' lang='lat' dir='ltr'><strong>terminis</strong></span> <span class='ocrx_word' id='word_1_316' title='bbox 438 4419 543 4475; x_wconf 87' lang='lat' dir='ltr'><strong>nostris</strong></span> <span class='ocrx_word' id='word_1_317' title='bbox 562 4436 624 4474; x_wconf 88' lang='lat' dir='ltr'><strong>esse</strong></span> <span class='ocrx_word' id='word_1_318' title='bbox 644 4420 763 4474; x_wconf 86' lang='lat' dir='ltr'><strong>secutos.</strong></span> <span class='ocrx_word' id='word_1_319' title='bbox 792 4416 873 4482; x_wconf 83' lang='lat' dir='ltr'><strong>Quod</strong></span> <span class='ocrx_word' id='word_1_320' title='bbox 892 4417 961 4472; x_wconf 82' lang='lat' dir='ltr'><strong>satis</strong></span> <span class='ocrx_word' id='word_1_321' title='bbox 979 4417 1036 4471; x_wconf 85' lang='lat' dir='ltr'><strong>iam</strong></span> <span class='ocrx_word' id='word_1_322' title='bbox 1054 4433 1088 4472; x_wconf 92' lang='lat' dir='ltr'><strong>eo</strong></span> <span class='ocrx_word' id='word_1_323' title='bbox 1105 4418 1250 4488; x_wconf 78' lang='lat' dir='ltr'><strong>probetur,</strong></span> <span class='ocrx_word' id='word_1_324' title='bbox 1270 4421 1347 4490; x_wconf 88' lang='lat' dir='ltr'><strong>qnod</strong></span> <span class='ocrx_word' id='word_1_325' title='bbox 1362 4422 1471 4493; x_wconf 86' lang='lat' dir='ltr'><strong>singuli</strong></span> 
     </span>
     <span class='ocr_line' id='line_1_39' title="bbox 291 4505 1470 4568; baseline 0.004 -5"><span class='ocrx_word' id='word_1_326' title='bbox 291 4510 418 4566; x_wconf 84' lang='lat' dir='ltr'><strong>rhetores</strong></span> <span class='ocrx_word' id='word_1_327' title='bbox 437 4508 520 4565; x_wconf 82' lang='lat' dir='ltr'><strong>latini</strong></span> <span class='ocrx_word' id='word_1_328' title='bbox 538 4526 623 4563; x_wconf 81' lang='lat' dir='ltr'><strong>unam</strong></span> <span class='ocrx_word' id='word_1_329' title='bbox 638 4507 825 4563; x_wconf 77' lang='lat' dir='ltr'><strong>detractionis</strong></span> <span class='ocrx_word' id='word_1_330' title='bbox 844 4506 889 4561; x_wconf 87' lang='lat' dir='ltr'><strong>vel</strong></span> <span class='ocrx_word' id='word_1_331' title='bbox 907 4505 1034 4560; x_wconf 85' lang='lat' dir='ltr'><strong>defectus</strong></span> <span class='ocrx_word' id='word_1_332' title='bbox 1059 4507 1105 4562; x_wconf 87' lang='lat' dir='ltr'><strong>vel</strong></span> <span class='ocrx_word' id='word_1_333' title='bbox 1129 4507 1297 4564; x_wconf 83' lang='lat' dir='ltr'><strong>deiectionis</strong></span> <span class='ocrx_word' id='word_1_334' title='bbox 1320 4510 1470 4568; x_wconf 86' lang='lat' dir='ltr'><strong>notionem</strong></span> 
     </span>
    </p>
   </div>
   <div class='ocr_carea' id='block_1_9' title="bbox 0 0 1626 5284">
    <p class='ocr_par' dir='ltr' id='par_1_11' title="bbox 0 0 1626 5284">
     <span class='ocr_line' id='line_1_40' title="bbox 0 0 1626 5284; baseline 0 4"><span class='ocrx_word' id='word_1_335' title='bbox 0 0 1626 5284; x_wconf 95' lang='lat' dir='ltr'><strong> </strong></span> 
     </span>
    </p>
   </div>
  </div>
 </body>
</html>
