3268 5280
782 459 1001 524 ..64-

305 626 398 706 tectos
420 625 537 690 arar‘cos
559 623 727 688 carana:
754 623 836 704 qaod
862 625 969 686 corrtra
995 620 1168 686 abactam
1195 619 1279 684 aar?
1311 621 1375 686 ra'st
1404 623 1486 701 aare

307 730 435 798 Berrrra
457 736 486 797 et
508 731 622 796 Seneca
630 758 641 807 ,·
663 750 739 812 qaas
760 731 867 794 statim
890 729 1049 813 acciverat,
1071 728 1234 813 incertam,
1257 729 1413 810 eaperrens
1435 750 1484 793 aa

306 844 335 902 ct
356 844 427 904 arcte
446 857 571 924 paaros,
594 840 627 902 et
650 837 869 921 -135,8s.
896 835 1106 901 atrocissimas
1127 839 1340 902 veteranorum
1363 837 1485 902 clamor

307 947 471 1032 oriebatur,
494 947 548 1026 qar'
571 945 688 1010 tricena
710 949 767 1008 arrt
787 963 885 1026 eapra
907 943 1062 1026 stipendia
1084 948 1288 1022 aremerarctes,
1311 944 1485 1014 mederetur

305 1053 410 1140 sesne,
432 1075 492 1118 aea
514 1057 641 1119 martem
662 1052 697 1116 ta
720 1053 816 1116 acea
840 1051 1008 1134 ramas,
1040 1050 1092 1114 secl
1118 1048 1212 1130 sicera
1239 1055 1304 1114 tam
1331 1050 1486 1116 aeratae

307 1160 439 1226 militiae
460 1179 556 1240 aeque
578 1161 698 1244 inopem
716 1162 851 1241 requiem
876 1158 1016 1223 mebant.
1032 1193 1077 1203 —
1092 1155 1214 1241 Agitur
1231 1157 1303 1230 loco
1317 1157 1396 1223 XIV
1413 1159 1442 1244 l,
1460 1157 1484 1223 5

308 1291 374 1354 seq.
397 1270 435 1334 de
459 1268 633 1333 omissione
657 1271 690 1332 et
708 1266 798 1332 verbi
818 1265 954 1350 dicendi,
977 1288 1016 1330 ex
1040 1285 1103 1350 quo
1122 1264 1264 1348 pendent
1281 1266 1380 1331 verba
1398 1267 1487 1345 arcad

307 1381 413 1441 cantra
444 1373 615 1441 abactam
646 1374 728 1439 sttr'?
767 1378 800 1438 et
830 1373 922 1438 verbi
955 1371 1073 1457 agendi
1111 1372 1164 1436 vel
1196 1372 1377 1458 cogitandi,
1414 1394 1483 1457 quo

306 1485 433 1569 regitur
456 1482 661 1547 enuntiatum
683 1481 748 1546 rcr'sr'
764 1478 841 1563 qaia
863 1481 991 1545 Barrus
1013 1484 1042 1544 ct
1059 1478 1181 1544 Seneca.
1199 1516 1243 1525 —
1261 1479 1308 1545 Ut
1331 1479 1387 1544 ait
1410 1480 1485 1544 sive

307 1590 437 1674 inquit
469 1589 566 1655 facile
599 1589 765 1654 omittitur
796 1589 832 1653 in
864 1586 1050 1671 colloquiis,
1082 1585 1139 1651 ubi
1171 1586 1243 1672 ipsa
1274 1586 1483 1672 loquentium

307 1697 407 1763 verba
431 1697 578 1762 oratione
597 1701 686 1762 recta
703 1695 897 1780 inferuntur,
919 1693 1110 1780 praesertim
1129 1693 1158 1758 si
1175 1693 1334 1760 formulae
1353 1700 1485 1760 antece-

307 1805 388 1869 dunt
410 1808 449 1868 nt
471 1808 509 1869 et
532 1803 621 1889 ille,
649 1808 688 1868 at
717 1803 805 1888 ille,
831 1805 912 1866 tum
934 1802 1007 1867 ille
1029 1837 1074 1847 —
1096 1801 1168 1866 loco
1191 1801 1386 1867 nominativi
1408 1802 1484 1868 ille

307 1933 463 1996 persaepe
494 1910 601 1995 ipsum
633 1910 797 1995 loquentis
833 1930 949 1974 nomen
984 1909 1129 1993 positum
1159 1913 1210 1974 est
1241 1907 1485 1996 (ef.dial.4,13

310 2018 415 2102 15‚1;
448 2019 556 2102 25,1;
588 2019 645 2104 28,
665 2019 700 2103 13
732 2016 1028 2101 simil.ib.33,13;
1059 2013 1166 2102 42,1)
1198 2017 1318 2081 -ita
1346 2017 1485 2082 Tacitus

308 2130 420 2191 nostro
439 2126 510 2190 loco
527 2113 594 2209 'qua
612 2125 676 2189 fuit
695 2123 856 2189 scribendi
874 2123 1008 2188 licentia
1024 2123 1192 2189 notionem
1212 2123 1339 2190 dicendi
1358 2124 1485 2211 omisit,

306 2236 345 2296 nt
368 2233 468 2298 verba
486 2229 626 2297 Neronis
651 2232 797 2297 oratione
819 2231 978 2295 indirecta
1000 2230 1181 2316 induceret3
1205 2231 1291 2316 quod
1313 2254 1351 2297 eo
1371 2233 1485 2318 magis

307 2361 366 2404 suo
394 2339 464 2404 iure
490 2339 596 2404 facere
624 2339 749 2424 potuit,
779 2360 877 2423 quam
907 2337 1069 2422 particula
1096 2344 1178 2403 turn
1206 2338 1287 2403 satis
1316 2339 1484 2424 significa-

306 2450 399 2512 verat
435 2447 469 2510 in
503 2447 712 2532 sequentibus
748 2450 858 2510 extare
892 2467 942 2529 ea,
974 2467 1057 2529 quae
1084 2445 1171 2510 Nero
1203 2446 1318 2511 nuntio
1351 2446 1410 2511 illo
1440 2447 1484 2512 de

307 2553 511 2638 Agrippinae
525 2576 603 2618 nece
622 2555 723 2618 allato
741 2552 962 2638 respondisset
975 2552 1027 2617 vel
1042 2553 1263 2618 exclamasset.
1289 2551 1484 2620 Subiectum

308 2665 426 2746 autem,
449 2661 535 2746 quod
560 2665 650 2726 extat
672 2662 706 2726 in
729 2659 879 2726 formulis
902 2658 969 2723 illis
993 2661 1032 2724 at
1054 2659 1139 2746 ille,
1161 2665 1241 2726 tum
1264 2661 1348 2747 ille,
1368 2662 1485 2748 simil,

181 2836 184 2844 ¹
306 2789 372 2832 non
407 2790 558 2853 expresse
590 2768 744 2854 apposuit
771 2767 920 2851 Tacitus,
955 2765 1032 2851 quia
1065 2772 1098 2832 et
1127 2769 1238 2834 dativo
1269 2769 1484 2835 antecedente

305 2873 451 2940 Neroni
475 2880 508 2941 et
535 2875 746 2941 nominativis
777 2873 965 2939 exanimis
995 2878 1029 2938 et
1058 2875 1262 2941 obtestans
1292 2877 1483 2962 appositive

306 2981 474 3066 usurpatis
502 2982 582 3046 satis
609 2983 788 3048 indicatum
816 2985 901 3065 erat3
934 2997 998 3065 qua
1024 3003 1058 3046 re
1091 2983 1190 3048 etiam
1222 2983 1256 3048 id
1288 2983 1484 3069 explicatur,

307 3087 392 3172 quod
428 3089 599 3154 audaciore
628 3089 801 3154 verborum
837 3087 1051 3152 collocatione
1086 3111 1164 3154 usus
1200 3091 1369 3156 enuntiato
1399 3090 1484 3157 sive-

306 3194 458 3260 obtcr'eado
481 3195 675 3280 interposito
700 3195 798 3260 verba
815 3195 979 3279 loquentis
998 3199 1155 3280 personae
1172 3219 1238 3263 non
1256 3198 1321 3283 ipsi
1339 3199 1484 3265 subiecti

305 3301 445 3386 nomini,
475 3302 561 3386 quod
587 3303 621 3367 in
648 3301 826 3367 enuntiatis
853 3302 887 3366 in
911 3302 1051 3368 similem
1080 3303 1211 3369 modum
1234 3304 1377 3390 elliptice
1401 3327 1482 3371 oon-

306 3408 455 3473 formatis
479 3409 549 3473 fieri
573 3410 658 3475 solet
677 3407 730 3496 (cf.
745 3409 820 3474 dial.
834 3411 865 3495 4,
882 3411 916 3495 13
941 3410 1040 3496 15,1;
1062 3410 1115 3496 25,
1134 3414 1165 3496 13
1184 3412 1236 3497 28,
1255 3409 1297 3498 l),
1320 3413 1483 3480 adiunxit.

307 3515 395 3592 Quae
423 3537 497 3580 eum
524 3515 572 3580 ita
599 3515 678 3602 sint,
706 3516 839 3581 omissio
867 3517 958 3582 verbi
985 3517 1110 3583 dicendi
1138 3540 1176 3583 eo
1204 3519 1310 3604 magis
1337 3519 1402 3584 erit
1423 3543 1484 3586 ex-

306 3622 448 3687 cusanda
473 3645 570 3707 quam
593 3621 725 3687 Tacitus
748 3627 861 3688 nostro
884 3624 957 3689 loco
980 3647 1058 3692 usus
1081 3630 1132 3690 est
1155 3630 1189 3690 et
1211 3649 1336 3691 summo
1357 3628 1483 3693 oratio-

305 3729 360 3802 nis
381 3730 492 3816 vigore
516 3732 550 3794 et
572 3729 677 3794 forma
699 3730 968 3815 interrogationis
996 3731 1190 3818 rhetoricae,
1218 3756 1282 3818 qua
1310 3735 1382 3799 sola
1408 3737 1483 3801 tale

306 3836 384 3921 quid
415 3836 486 3902 fieri
516 3837 662 3921 potuisse
692 3837 856 3903 indicatur
881 3835 933 3924 (cf.
951 3838 1035 3904 infra
1063 3841 1084 3920 ξ
1107 3836 1151 3926 3).
1176 3876 1218 3886 -
1244 3838 1309 3906 sed
1330 3841 1395 3906 alia
1423 3865 1481 3908 res

307 3948 358 4008 est
389 3943 428 4008 de
457 3943 565 4009 verbis
595 3967 676 4029 quae
705 3951 886 4029 sequuntur
915 3950 1001 4011 recte
1029 3947 1238 4031 explicandis.
1286 3947 1481 4036 Nipperdey

306 4074 380 4116 cum
407 4050 617 4116 contenderet
642 4051 737 4117 facile
766 4053 806 4116 ad
834 4053 934 4117 verba
960 4056 1024 4118 atat
1055 4055 1131 4135 arrr'd
1157 4055 1285 4122 Barrus
1311 4061 1341 4119 et
1362 4056 1482 4123 Seneca

306 4159 439 4224 verbum
461 4158 592 4223 finitum
616 4155 918 4246 (excogitarent,
941 4158 1183 4248 invenirent)
1211 4184 1307 4246 posse
1331 4164 1479 4248 suppleri

306 4287 345 4331 ex
368 4265 527 4330 sermonis
557 4269 711 4332 contextu
740 4272 774 4332 et
803 4290 841 4332 ex
872 4267 1025 4352 analogia
1046 4268 1253 4336 locorum.ut
1275 4269 1355 4335 XIV
1371 4271 1399 4356 7,
1421 4271 1482 4338 11:

299 4377 373 4455 post
406 4371 520 4437 Seneca
554 4373 701 4439 hactenus
732 4375 909 4457 prornpttrre
938 4396 981 4440 sc.
1012 4375 1095 4459 egit
1133 4380 1166 4440 et
1194 4375 1282 4462 ib.8,
1304 4377 1357 4442 13:
1396 4381 1486 4460 qaod

189 4483 192 4488 ’
305 4499 434 4544 nermo
463 4480 529 4561 filio
559 4501 599 4544 sc.
621 4479 774 4545 veniret
802 4481 899 4566 plane
927 4482 1074 4567 neglexit
1103 4481 1182 4548 haec
1212 4484 1361 4568 exempla
1391 4485 1484 4551 alins
