3242 5284
536 1285 926 1400 Praemittenda.

670 1505 794 1514 ...n—..—

237 1682 313 1748 Etsi
331 1685 444 1748 nostra
463 1685 571 1747 aetate
589 1681 684 1747 multi
704 1682 809 1747 multa
827 1681 868 1746 ad
887 1680 993 1747 Taciti
1013 1681 1139 1747 dicendi
1157 1682 1317 1746 rationem

151 1790 401 1874 pernoscendam
425 1789 646 1874 contulerunt,
667 1791 779 1854 tamen
798 1789 947 1874 quaestio
973 1788 1012 1852 de
1032 1788 1073 1853 iis
1091 1787 1317 1873 breviloquen-

152 1896 217 1960 tiae
239 1897 425 1983 generibus,
448 1917 530 1981 quae
554 1895 663 1960 omnia
681 1917 746 1960 una
765 1895 919 1980 ellipseos
937 1895 1071 1961 notione
1090 1894 1319 1981 comprehendi

150 2003 269 2089 solent,
291 2003 424 2068 minime
448 2003 490 2067 ad
513 2005 638 2068 certum
660 2001 759 2068 finem
777 2001 933 2087 perducta
956 2006 1018 2087 est3
1042 2002 1129 2087 quod
1152 2024 1190 2067 eo
1213 2002 1319 2088 magis

149 2110 265 2196 miror,
288 2111 364 2195 quia
382 2108 533 2175 Tacitum
551 2109 586 2173 in
608 2108 698 2173 nullo
718 2108 880 2174 scribendi
900 2129 1017 2194 genere
1040 2109 1197 2174 maiorem
1216 2111 1318 2173 artem

150 2216 358 2301 studiumque
382 2217 558 2282 collocasse
582 2237 680 2300 quam
702 2215 737 2280 in
755 2215 1015 2300 breviloquentia
1032 2215 1146 2279 formis
1165 2214 1320 2299 ellipticis

149 2323 318 2388 efficienda
336 2323 436 2388 etiam
450 2323 491 2392 ab
505 2323 547 2387 iis
561 2321 787 2388 lubentissime
802 2321 1003 2407 conceditur,
1021 2321 1077 2407 qui
1090 2321 1204 2407 primis
1219 2321 1320 2386 labris

148 2429 219 2495 eius
242 2429 362 2514 scripta
384 2433 607 2516 gustaverunt.

238 2533 431 2622 Nuperrime
455 2534 619 2602 Carolus
642 2534 811 2601 Wetnell
836 2535 1100 2601 dissertationem
1128 2534 1322 2620 composuit,

149 2645 188 2706 ut
200 2663 270 2707 eam
283 2642 413 2727 quidem
427 2643 661 2728 quaestionem,
677 2641 794 2727 quibus
809 2642 936 2728 legibus
952 2641 1084 2708 Tacitus
1097 2642 1232 2706 verbum
1245 2641 1319 2705 sub·
1441 2643 1446 2650 '

153 2748 327 2813 stantivum
356 2749 520 2834 posuisset
547 2754 580 2816 et
612 2749 790 2834 omisisset,
822 2749 862 2813 ad
896 2771 969 2814 eum
996 2749 1094 2814 finem
1122 2748 1321 2834 perduceret,
1366 2783 1370 2790 ·
1473 2765 1476 2772 ’

152 2859 190 2919 ut
210 2877 305 2940 porro
330 2856 390 2920 sub
413 2855 519 2920 iudice
548 2877 618 2922 esse
645 2878 711 2921 non
733 2859 854 2941 posset.
900 2854 964 2921 Sed
990 2855 1123 2920 minime
1151 2855 1213 2924 hoc
1235 2877 1321 2920 asse-

152 2966 244 3027 cutus
267 2966 327 3028 est.
375 2959 461 3027 Nam
485 2961 548 3027 etsi
569 2962 658 3027 haud
680 2961 785 3027 invito
809 2962 919 3027 animo
942 2962 1135 3028 confitemur
1157 2983 1223 3026 non
1251 2961 1320 3028 sine

149 3068 258 3133 fructu
271 3069 418 3134 libellum
432 3068 527 3134 illum
540 3091 600 3134 nos
615 3069 806 3154 perlegisse,
820 3073 931 3133 tamen
945 3067 1075 3154 singula
1088 3067 1183 3132 nobis
1198 3068 1320 3132 exami-

150 3175 304 3240 nantibus
334 3176 486 3262 apparuit
516 3180 681 3241 auctorem
710 3175 891 3260 permultos
914 3174 1085 3240 admisisse
1108 3196 1233 3240 errores
1256 3189 1321 3239 non

151 3280 258 3347 solum
276 3281 309 3346 in
327 3282 466 3366 singulis
485 3283 565 3348 locis
582 3282 848 3368 interpretandis,
866 3282 1037 3347 sedetiam
1050 3282 1085 3346 in
1099 3281 1319 3366 exemplorum

150 3388 295 3453 numeris
318 3389 552 3475 adscribendis3
579 3411 617 3454 ac
639 3411 712 3454 raro
735 3388 792 3454 ille
816 3389 855 3454 de
878 3371 984 3453 dubiis
1008 3388 1088 3453 locis
1111 3388 1152 3452 ad
1175 3388 1321 3453 codicum

154 3496 381 3562 auctoritatem
409 3495 563 3561 indicium
593 3517 686 3560 suum
716 3495 931 3560 conformavit
958 3531 1001 3542 -
1029 3516 1094 3579 quo
1120 3495 1243 3559 factum
1271 3500 1322 3560 est

153 3605 190 3666 ut
218 3602 259 3667 ad
288 3602 488 3668 restituenda
515 3601 622 3668 Taciti
650 3602 749 3666 verba
777 3602 845 3667 fere
871 3600 997 3666 nullum
1027 3600 1150 3686 ceperis
1178 3601 1322 3666 fructum
1369 3597 1373 3605 ¹

152 3730 191 3773 ex
209 3712 280 3774 tota
294 3707 458 3774 Wetzellii
478 3709 706 3774 dissertatione
724 3745 765 3755 -
782 3711 816 3773 et
831 3713 898 3773 tam
912 3729 1008 3792 saepe
1023 3707 1154 3792 singula
1168 3707 1321 3793 ellipseos

152 3834 272 3899 genera
288 3837 354 3879 non
376 3838 415 3882 ea
437 3838 502 3901 qua
524 3838 584 3901 par
605 3815 668 3880 fuit
686 3815 827 3900 ratione,
849 3815 906 3880 sed
924 3814 1026 3901 signis
1048 3813 1201 3899 notisque
1225 3814 1321 3899 plane

152 3922 350 3987 extrinsecus
364 3921 503 4007 sumptis
515 3921 591 3986 dist'
641 3922 674 4007 't,
686 3925 723 3986 ut
735 3922 776 3987 ab
788 3943 900 3987 eorum
912 3921 1017 4001 laude,
1029 3919 1085 4005 qui
1097 3921 1321 4006 quaestionem

153 4049 246 4092 suam
273 4049 344 4093 cum
372 4028 553 4114 pulvisculo
581 4032 618 4093 ut
641 4029 733 4093 aiunt
761 4027 931 4093 exhaurire
955 4028 1075 4112 solent,
1101 4026 1227 4092 alienus
1251 4050 1322 4093 esse

152 4133 308 4200 videatur.
359 4132 440 4200 (lum
468 4123 571 4220 igitur
597 4137 670 4200 tota
696 4157 747 4200 res
776 4134 820 4200 sit
846 4134 1065 4220 retractanda,
1092 4133 1186 4200 valde
1213 4134 1322 4221 miror,

153 4241 239 4325 quod
258 4239 446 4307 Wolfflin
469 4246 503 4306 et
520 4240 722 4307 Andresen
743 4263 848 4326 nuper
871 4242 910 4306 ds
929 4240 1158 4307 dissertatione
1175 4241 1234 4306 illa
1252 4244 1322 4306 tam

151 4345 363 4412 honorificum
401 4349 549 4413 tulerunt
582 4348 751 4414 iudicium:
792 4347 831 4414 cf.
864 4347 1019 4432 Bursian,
1059 4347 1322 4414 Jahresberichte

154 4451 340 4538 1875111).
361 4455 424 4520 759
443 4458 477 4522 et
494 4455 758 4521 Jahresberichte
777 4455 832 4520 des
852 4453 1113 4540 philologischen
1132 4453 1268 4520 Vereins
1288 4454 1322 4518 in

152 4558 265 4623 Berlin
287 4561 370 4626 1878
389 4585 419 4646 p.
439 4561 515 4648 291τ

206 4679 318 4734 clamne,
332 4682 360 4722 de
373 4683 559 4734 breviloquentia
573 4684 667 4724 Tacitae
680 4693 731 4733 gen.
1095 4671 1107 4715 l
