<?xml version="1.0" encoding="UTF-8"?>
<!DOCTYPE html PUBLIC "-//W3C//DTD XHTML 1.0 Transitional//EN"
    "http://www.w3.org/TR/xhtml1/DTD/xhtml1-transitional.dtd">
<html xmlns="http://www.w3.org/1999/xhtml" xml:lang="en" lang="en">
 <head>
  <title>
</title>
<meta http-equiv="Content-Type" content="text/html;charset=utf-8" />
  <meta name='ocr-system' content='tesseract 3.04.00' />
  <meta name='ocr-capabilities' content='ocr_page ocr_carea ocr_par ocr_line ocrx_word'/>
</head>
<body>
  <div class='ocr_page' id='page_1' title='image "./debreviloquenti00clemgoog_0128.png"; bbox 0 0 3204 5284; ppageno 0'>
   <div class='ocr_carea' id='block_1_1' title="bbox 606 451 846 516">
    <p class='ocr_par' dir='ltr' id='par_1_1' title="bbox 606 451 846 516">
     <span class='ocr_line' id='line_1_1' title="bbox 606 451 846 516; baseline 0.004 -1"><span class='ocrx_word' id='word_1_1' title='bbox 606 451 846 516; x_wconf 79' lang='lat'><strong>-117-</strong></span> 
     </span>
    </p>
   </div>
   <div class='ocr_carea' id='block_1_2' title="bbox 121 609 1326 4565">
    <p class='ocr_par' dir='ltr' id='par_1_2' title="bbox 124 609 1309 1230">
     <span class='ocr_line' id='line_1_2' title="bbox 131 609 1308 700; baseline 0.005 -26"><span class='ocrx_word' id='word_1_2' title='bbox 131 611 239 676; x_wconf 80' lang='lat' dir='ltr'>undas</span> <span class='ocrx_word' id='word_1_3' title='bbox 268 610 418 676; x_wconf 76' lang='lat' dir='ltr'><em>adnantes</em></span> <span class='ocrx_word' id='word_1_4' title='bbox 454 611 538 692; x_wconf 83' lang='lat' dir='ltr'>equis</span> <span class='ocrx_word' id='word_1_5' title='bbox 572 611 774 675; x_wconf 83' lang='lat' dir='ltr'>trcmisere.</span> <span class='ocrx_word' id='word_1_6' title='bbox 803 647 846 658; x_wconf 91' lang='lat'>-—</span> <span class='ocrx_word' id='word_1_7' title='bbox 877 609 1076 696; x_wconf 80' lang='lat' dir='ltr'>Asyndetice</span> <span class='ocrx_word' id='word_1_8' title='bbox 1105 613 1308 700; x_wconf 83' lang='lat' dir='ltr'>singulorum</span> 
     </span>
     <span class='ocr_line' id='line_1_3' title="bbox 132 716 1309 807; baseline 0.003 -25"><span class='ocrx_word' id='word_1_9' title='bbox 132 717 359 782; x_wconf 88' lang='lat' dir='ltr'>membrorum</span> <span class='ocrx_word' id='word_1_10' title='bbox 389 716 572 784; x_wconf 73' lang='lat' dir='ltr'>coniunctio</span> <span class='ocrx_word' id='word_1_11' title='bbox 602 717 776 803; x_wconf 79' lang='lat' dir='ltr'>mitigetur</span> <span class='ocrx_word' id='word_1_12' title='bbox 807 719 999 804; x_wconf 83' lang='lat' dir='ltr'>pronomine</span> <span class='ocrx_word' id='word_1_13' title='bbox 1030 719 1183 807; x_wconf 83' lang='lat' dir='ltr'>relativo,</span> <span class='ocrx_word' id='word_1_14' title='bbox 1222 722 1309 806; x_wconf 90' lang='lat' dir='ltr'>quod</span> 
     </span>
     <span class='ocr_line' id='line_1_4' title="bbox 132 824 1307 910; baseline 0.003 -21"><span class='ocrx_word' id='word_1_15' title='bbox 132 827 229 889; x_wconf 79' lang='lat' dir='ltr'>extet</span> <span class='ocrx_word' id='word_1_16' title='bbox 251 824 286 889; x_wconf 89' lang='lat' dir='ltr'>in</span> <span class='ocrx_word' id='word_1_17' title='bbox 309 824 403 890; x_wconf 83' lang='lat' dir='ltr'>initio</span> <span class='ocrx_word' id='word_1_18' title='bbox 426 824 563 890; x_wconf 82' lang='lat' dir='ltr'>membri</span> <span class='ocrx_word' id='word_1_19' title='bbox 594 824 702 890; x_wconf 91' lang='lat' dir='ltr'>ultimi</span> <span class='ocrx_word' id='word_1_20' title='bbox 732 825 879 910; x_wconf 84' lang='lat' dir='ltr'>solvique</span> <span class='ocrx_word' id='word_1_21' title='bbox 910 824 1005 891; x_wconf 88' lang='lat' dir='ltr'>debet</span> <span class='ocrx_word' id='word_1_22' title='bbox 1033 826 1167 892; x_wconf 87' lang='lat' dir='ltr'>vocibus</span> <span class='ocrx_word' id='word_1_23' title='bbox 1198 831 1235 891; x_wconf 87' lang='lat' dir='ltr'>et</span> <span class='ocrx_word' id='word_1_24' title='bbox 1266 850 1307 892; x_wconf 88' lang='lat' dir='ltr'>so</span> 
     </span>
     <span class='ocr_line' id='line_1_5' title="bbox 130 930 1308 1018; baseline 0.001 -22"><span class='ocrx_word' id='word_1_25' title='bbox 130 931 200 997; x_wconf 87' lang='lat' dir='ltr'>hoc</span> <span class='ocrx_word' id='word_1_26' title='bbox 217 953 282 996; x_wconf 89' lang='lat' dir='ltr'>ano</span> <span class='ocrx_word' id='word_1_27' title='bbox 302 932 388 1016; x_wconf 90' lang='lat' dir='ltr'>quod</span> <span class='ocrx_word' id='word_1_28' title='bbox 407 931 508 997; x_wconf 80' lang='lat' dir='ltr'>sciam</span> <span class='ocrx_word' id='word_1_29' title='bbox 531 932 616 998; x_wconf 87' lang='lat' dir='ltr'>loco:</span> <span class='ocrx_word' id='word_1_30' title='bbox 639 930 701 998; x_wconf 77' lang='lat' dir='ltr'>Am</span> <span class='ocrx_word' id='word_1_31' title='bbox 714 931 764 996; x_wconf 91' lang='grc' dir='ltr'>ΠΙ</span> <span class='ocrx_word' id='word_1_32' title='bbox 778 933 831 1013; x_wconf 80' lang='lat'>56,</span> <span class='ocrx_word' id='word_1_33' title='bbox 846 933 880 999; x_wconf 84' lang='lat'>6:</span> <span class='ocrx_word' id='word_1_34' title='bbox 903 933 1050 998; x_wconf 87' lang='lat' dir='ltr'>Marcam</span> <span class='ocrx_word' id='word_1_35' title='bbox 1069 935 1175 1000; x_wconf 79' lang='lat' dir='ltr'>deinde</span> <span class='ocrx_word' id='word_1_36' title='bbox 1192 933 1308 1018; x_wconf 82' lang='lat' dir='ltr'>Aprip-</span> 
     </span>
     <span class='ocr_line' id='line_1_6' title="bbox 124 1039 1309 1122; baseline 0.003 -19"><span class='ocrx_word' id='word_1_37' title='bbox 124 1059 210 1121; x_wconf 92' lang='lat' dir='ltr'>pam</span> <span class='ocrx_word' id='word_1_38' title='bbox 245 1039 361 1104; x_wconf 88' lang='lat' dir='ltr'>socium</span> <span class='ocrx_word' id='word_1_39' title='bbox 397 1041 462 1104; x_wconf 86' lang='lat' dir='ltr'>eius</span> <span class='ocrx_word' id='word_1_40' title='bbox 490 1040 663 1122; x_wconf 77' lang='lat' dir='ltr'>potcstatis,</span> <span class='ocrx_word' id='word_1_41' title='bbox 699 1059 767 1121; x_wconf 89' lang='lat' dir='ltr'>quo</span> <span class='ocrx_word' id='word_1_42' title='bbox 802 1040 941 1120; x_wconf 81' lang='lat' dir='ltr'>defuncta</span> <span class='ocrx_word' id='word_1_43' title='bbox 973 1041 1127 1106; x_wconf 71' lang='lat' dir='ltr'>ramam</span> <span class='ocrx_word' id='word_1_44' title='bbox 1155 1041 1309 1106; x_wconf 78' lang='lat' dir='ltr'>Neronem</span> 
     </span>
     <span class='ocr_line' id='line_1_7' title="bbox 129 1146 274 1230; baseline -0.014 -20"><span class='ocrx_word' id='word_1_45' title='bbox 129 1146 274 1230; x_wconf 81' lang='lat' dir='ltr'>deleqit.</span> 
     </span>
    </p>

    <p class='ocr_par' dir='ltr' id='par_1_3' title="bbox 121 1251 1326 4565">
     <span class='ocr_line' id='line_1_8' title="bbox 225 1251 1308 1340; baseline 0.003 -22"><span class='ocrx_word' id='word_1_46' title='bbox 225 1251 260 1340; x_wconf 87' lang='lat' dir='ltr'>b)</span> <span class='ocrx_word' id='word_1_47' title='bbox 284 1257 419 1339; x_wconf 87' lang='lat' dir='ltr'>propter</span> <span class='ocrx_word' id='word_1_48' title='bbox 440 1257 600 1320; x_wconf 77' lang='lat' dir='ltr'>mutatam</span> <span class='ocrx_word' id='word_1_49' title='bbox 623 1257 820 1318; x_wconf 71' lang='lat' dir='ltr'>structuram</span> <span class='ocrx_word' id='word_1_50' title='bbox 842 1253 930 1318; x_wconf 83' lang='lat' dir='ltr'>haud</span> <span class='ocrx_word' id='word_1_51' title='bbox 953 1275 1027 1319; x_wconf 81' lang='lat' dir='ltr'>raro</span> <span class='ocrx_word' id='word_1_52' title='bbox 1051 1254 1117 1319; x_wconf 84' lang='lat' dir='ltr'>elia</span> <span class='ocrx_word' id='word_1_53' title='bbox 1137 1254 1244 1320; x_wconf 84' lang='lat' dir='ltr'>forme</span> <span class='ocrx_word' id='word_1_54' title='bbox 1267 1256 1308 1321; x_wconf 80' lang='lat' dir='ltr'>sd</span> 
     </span>
     <span class='ocr_line' id='line_1_9' title="bbox 131 1359 1307 1446; baseline 0.002 -20"><span class='ocrx_word' id='word_1_55' title='bbox 131 1384 237 1426; x_wconf 88' lang='lat' dir='ltr'>unum</span> <span class='ocrx_word' id='word_1_56' title='bbox 267 1361 461 1446; x_wconf 83' lang='lat' dir='ltr'>membrum,</span> <span class='ocrx_word' id='word_1_57' title='bbox 494 1359 559 1424; x_wconf 84' lang='lat' dir='ltr'>elie</span> <span class='ocrx_word' id='word_1_58' title='bbox 582 1361 622 1425; x_wconf 80' lang='lat' dir='ltr'>sd</span> <span class='ocrx_word' id='word_1_59' title='bbox 642 1360 781 1426; x_wconf 81' lang='lat' dir='ltr'>alterum</span> <span class='ocrx_word' id='word_1_60' title='bbox 804 1361 944 1446; x_wconf 81' lang='lat' dir='ltr'>quadrat</span> <span class='ocrx_word' id='word_1_61' title='bbox 965 1361 1099 1426; x_wconf 86' lang='lat' dir='ltr'>verbum</span> <span class='ocrx_word' id='word_1_62' title='bbox 1124 1384 1307 1428; x_wconf 87' lang='lat' dir='ltr'>commune:</span> 
     </span>
     <span class='ocr_line' id='line_1_10' title="bbox 131 1467 1308 1553; baseline 0.003 -21"><span class='ocrx_word' id='word_1_63' title='bbox 131 1467 197 1534; x_wconf 83' lang='lat' dir='ltr'>An.</span> <span class='ocrx_word' id='word_1_64' title='bbox 213 1467 279 1533; x_wconf 89' lang='lat' dir='ltr'>XII</span> <span class='ocrx_word' id='word_1_65' title='bbox 295 1468 348 1553; x_wconf 88' lang='lat'>38,</span> <span class='ocrx_word' id='word_1_66' title='bbox 361 1469 470 1532; x_wconf 79' lang='lat'><strong>2-4:</strong></span> <span class='ocrx_word' id='word_1_67' title='bbox 493 1487 587 1549; x_wconf 87' lang='lat' dir='ltr'>neque</span> <span class='ocrx_word' id='word_1_68' title='bbox 604 1468 709 1534; x_wconf 90' lang='lat' dir='ltr'>minas</span> <span class='ocrx_word' id='word_1_69' title='bbox 731 1470 766 1534; x_wconf 82' lang='lat' dir='ltr'>a</span> <span class='ocrx_word' id='word_1_70' title='bbox 785 1469 905 1533; x_wconf 87' lang='lat' dir='ltr'>clarum</span> <span class='ocrx_word' id='word_1_71' title='bbox 927 1489 1021 1550; x_wconf 85' lang='lat' dir='ltr'>qaam</span> <span class='ocrx_word' id='word_1_72' title='bbox 1043 1470 1124 1551; x_wconf 85' lang='lat' dir='ltr'>quod</span> <span class='ocrx_word' id='word_1_73' title='bbox 1140 1469 1308 1552; x_wconf 75' lang='lat' dir='ltr'>Syphacem</span> 
     </span>
     <span class='ocr_line' id='line_1_11' title="bbox 131 1573 1307 1661; baseline 0 -19"><span class='ocrx_word' id='word_1_74' title='bbox 131 1575 169 1642; x_wconf 90' lang='lat' dir='ltr'>P.</span> <span class='ocrx_word' id='word_1_75' title='bbox 185 1573 302 1661; x_wconf 69' lang='lat' dir='ltr'>Salpia</span> <span class='ocrx_word' id='word_1_76' title='bbox 325 1574 439 1640; x_wconf 79' lang='lat' dir='ltr'>Persen</span> <span class='ocrx_word' id='word_1_77' title='bbox 453 1575 489 1639; x_wconf 90' lang='lat' dir='ltr'>L.</span> <span class='ocrx_word' id='word_1_78' title='bbox 504 1573 625 1640; x_wconf 86' lang='lat' dir='ltr'>Paulus</span> <span class='ocrx_word' id='word_1_79' title='bbox 639 1580 668 1640; x_wconf 91' lang='lat' dir='ltr'>et</span> <span class='ocrx_word' id='word_1_80' title='bbox 684 1577 713 1641; x_wconf 88' lang='lat' dir='ltr'>si</span> <span class='ocrx_word' id='word_1_81' title='bbox 730 1577 784 1658; x_wconf 89' lang='lat' dir='ltr'>qui</span> <span class='ocrx_word' id='word_1_82' title='bbox 801 1577 861 1641; x_wconf 88' lang='lat' dir='ltr'>atii</span> <span class='ocrx_word' id='word_1_83' title='bbox 877 1577 991 1642; x_wconf 83' lang='lat' dir='ltr'>vinctas</span> <span class='ocrx_word' id='word_1_84' title='bbox 1012 1596 1094 1658; x_wconf 85' lang='lat' dir='ltr'>repes</span> <span class='ocrx_word' id='word_1_85' title='bbox 1110 1578 1225 1660; x_wconf 82' lang='lat' dir='ltr'>populo</span> <span class='ocrx_word' id='word_1_86' title='bbox 1244 1577 1307 1642; x_wconf 84' lang='lat' dir='ltr'>Ro-</span> 
     </span>
     <span class='ocr_line' id='line_1_12' title="bbox 133 1680 1307 1768; baseline 0.003 -21"><span class='ocrx_word' id='word_1_87' title='bbox 133 1703 227 1748; x_wconf 88' lang='lat' dir='ltr'>mano</span> <span class='ocrx_word' id='word_1_88' title='bbox 260 1683 466 1759; x_wconf 82' lang='lat' dir='ltr'>ostendere;</span> <span class='ocrx_word' id='word_1_89' title='bbox 495 1719 536 1728; x_wconf 91' lang='lat'>--</span> <span class='ocrx_word' id='word_1_90' title='bbox 565 1680 607 1746; x_wconf 90' lang='grc' dir='ltr'>Η.</span> <span class='ocrx_word' id='word_1_91' title='bbox 621 1681 671 1749; x_wconf 93' lang='lat' dir='ltr'>III</span> <span class='ocrx_word' id='word_1_92' title='bbox 686 1683 866 1768; x_wconf 83' lang='lat'>8,8-10:</span> <span class='ocrx_word' id='word_1_93' title='bbox 898 1688 927 1748; x_wconf 89' lang='lat' dir='ltr'>et</span> <span class='ocrx_word' id='word_1_94' title='bbox 956 1684 1129 1748; x_wconf 83' lang='lat' dir='ltr'>interieetus</span> <span class='ocrx_word' id='word_1_95' title='bbox 1159 1685 1307 1750; x_wconf 75' lang='lat' dir='ltr'>aecem</span> 
     </span>
     <span class='ocr_line' id='line_1_13' title="bbox 137 1788 1306 1874; baseline 0.002 -20"><span class='ocrx_word' id='word_1_96' title='bbox 137 1788 280 1854; x_wconf 75' lang='lat' dir='ltr'>Raetiam</span> <span class='ocrx_word' id='word_1_97' title='bbox 298 1788 459 1871; x_wconf 87' lang='lat' dir='ltr'>Iuliasque</span> <span class='ocrx_word' id='word_1_98' title='bbox 476 1789 572 1872; x_wconf 65' lang='lat' dir='ltr'>Aures</span> <span class='ocrx_word' id='word_1_99' title='bbox 589 1811 639 1873; x_wconf 90' lang='lat' dir='ltr'>ac,</span> <span class='ocrx_word' id='word_1_100' title='bbox 661 1810 699 1855; x_wconf 89' lang='lat' dir='ltr'>ne</span> <span class='ocrx_word' id='word_1_101' title='bbox 714 1791 859 1874; x_wconf 86' lang='lat' dir='ltr'>pervium</span> <span class='ocrx_word' id='word_1_102' title='bbox 880 1790 938 1855; x_wconf 88' lang='lat' dir='ltr'>illa</span> <span class='ocrx_word' id='word_1_103' title='bbox 953 1789 1148 1856; x_wconf 83' lang='lat' dir='ltr'>Germanicis</span> <span class='ocrx_word' id='word_1_104' title='bbox 1169 1792 1306 1856; x_wconf 74' lang='lat' dir='ltr'>armciti-</span> 
     </span>
     <span class='ocr_line' id='line_1_14' title="bbox 138 1892 1308 1982; baseline 0.002 -21"><span class='ocrx_word' id='word_1_105' title='bbox 138 1896 192 1961; x_wconf 82' lang='lat' dir='ltr'>Inrs</span> <span class='ocrx_word' id='word_1_106' title='bbox 205 1897 291 1982; x_wconf 75' lang='lat' dir='ltr'>toret,</span> <span class='ocrx_word' id='word_1_107' title='bbox 315 1898 549 1979; x_wconf 84' lang='lat' dir='ltr'>obsaepserat</span> <span class='ocrx_word' id='word_1_108' title='bbox 563 1892 617 1982; x_wconf 89' lang='lat' dir='ltr'>(cf.</span> <span class='ocrx_word' id='word_1_109' title='bbox 632 1896 672 1962; x_wconf 89' lang='grc' dir='ltr'>Η.</span> <span class='ocrx_word' id='word_1_110' title='bbox 687 1897 719 1964; x_wconf 94' lang='lat' dir='ltr'>II</span> <span class='ocrx_word' id='word_1_111' title='bbox 735 1898 788 1982; x_wconf 84' lang='lat'>34,</span> <span class='ocrx_word' id='word_1_112' title='bbox 802 1897 836 1962; x_wconf 88' lang='lat'>5:</span> <span class='ocrx_word' id='word_1_113' title='bbox 850 1921 882 1982; x_wconf 90' lang='lat' dir='ltr'>p.</span> <span class='ocrx_word' id='word_1_114' title='bbox 898 1897 985 1982; x_wconf 91' lang='grc'>116).</span> <span class='ocrx_word' id='word_1_115' title='bbox 1022 1895 1086 1963; x_wconf 86' lang='lat' dir='ltr'>Sed</span> <span class='ocrx_word' id='word_1_116' title='bbox 1101 1897 1308 1963; x_wconf 80' lang='lat' dir='ltr'>artificiosior</span> 
     </span>
     <span class='ocr_line' id='line_1_15' title="bbox 136 1991 1305 2089; baseline 0.003 -22"><span class='ocrx_word' id='word_1_117' title='bbox 136 2007 185 2068; x_wconf 87' lang='lat' dir='ltr'>est</span> <span class='ocrx_word' id='word_1_118' title='bbox 202 1991 299 2069; x_wconf 80' lang='lat' dir='ltr'>huius</span> <span class='ocrx_word' id='word_1_119' title='bbox 319 2003 383 2069; x_wconf 91' lang='lat' dir='ltr'>loci</span> <span class='ocrx_word' id='word_1_120' title='bbox 402 2003 592 2089; x_wconf 72' lang='lat' dir='ltr'>explicatio,</span> <span class='ocrx_word' id='word_1_121' title='bbox 610 2004 728 2068; x_wconf 89' lang='lat' dir='ltr'>melius</span> <span class='ocrx_word' id='word_1_122' title='bbox 746 2004 888 2069; x_wconf 80' lang='lat' dir='ltr'>fortasse</span> <span class='ocrx_word' id='word_1_123' title='bbox 903 2024 992 2089; x_wconf 82' lang='lat' dir='ltr'>eges,</span> <span class='ocrx_word' id='word_1_124' title='bbox 1011 2005 1039 2071; x_wconf 86' lang='lat' dir='ltr'>si</span> <span class='ocrx_word' id='word_1_125' title='bbox 1054 2004 1142 2070; x_wconf 87' lang='lat' dir='ltr'>deles</span> <span class='ocrx_word' id='word_1_126' title='bbox 1156 2006 1305 2071; x_wconf 80' lang='lat' dir='ltr'>voculam</span> 
     </span>
     <span class='ocr_line' id='line_1_16' title="bbox 132 2107 1306 2198; baseline 0.001 -22"><span class='ocrx_word' id='word_1_127' title='bbox 132 2132 176 2176; x_wconf 85' lang='lat' dir='ltr'>ec</span> <span class='ocrx_word' id='word_1_128' title='bbox 199 2107 251 2198; x_wconf 72' lang='lat' dir='ltr'>(ct</span> <span class='ocrx_word' id='word_1_129' title='bbox 266 2135 295 2196; x_wconf 91' lang='lat' dir='ltr'>p.</span> <span class='ocrx_word' id='word_1_130' title='bbox 314 2107 439 2197; x_wconf 58' lang='grc'>1261),</span> <span class='ocrx_word' id='word_1_131' title='bbox 462 2146 505 2156; x_wconf 92' lang='lat'>—</span> <span class='ocrx_word' id='word_1_132' title='bbox 527 2110 653 2198; x_wconf 84' lang='lat'>139,3</span> <span class='ocrx_word' id='word_1_133' title='bbox 669 2133 748 2196; x_wconf 73' lang='lat' dir='ltr'>seq:</span> <span class='ocrx_word' id='word_1_134' title='bbox 771 2112 836 2175; x_wconf 88' lang='lat' dir='ltr'>iam</span> <span class='ocrx_word' id='word_1_135' title='bbox 848 2112 976 2176; x_wconf 88' lang='lat' dir='ltr'>Marius</span> <span class='ocrx_word' id='word_1_136' title='bbox 992 2111 1095 2178; x_wconf 77' lang='lat' dir='ltr'>Celsus</span> <span class='ocrx_word' id='word_1_137' title='bbox 1116 2112 1203 2177; x_wconf 80' lang='lat' dir='ltr'>hand</span> <span class='ocrx_word' id='word_1_138' title='bbox 1225 2113 1306 2177; x_wconf 87' lang='lat' dir='ltr'>lacta</span> 
     </span>
     <span class='ocr_line' id='line_1_17' title="bbox 129 2217 1305 2304; baseline 0.002 -22"><span class='ocrx_word' id='word_1_139' title='bbox 129 2219 303 2304; x_wconf 79' lang='lat' dir='ltr'>rettulerat,</span> <span class='ocrx_word' id='word_1_140' title='bbox 331 2239 400 2284; x_wconf 88' lang='lat' dir='ltr'>eum</span> <span class='ocrx_word' id='word_1_141' title='bbox 422 2219 481 2284; x_wconf 88' lang='lat' dir='ltr'>alii</span> <span class='ocrx_word' id='word_1_142' title='bbox 503 2219 536 2282; x_wconf 89' lang='lat' dir='ltr'>in</span> <span class='ocrx_word' id='word_1_143' title='bbox 561 2217 722 2282; x_wconf 88' lang='lat' dir='ltr'>Palatium</span> <span class='ocrx_word' id='word_1_144' title='bbox 744 2220 867 2302; x_wconf 82' lang='lat' dir='ltr'>rediret,</span> <span class='ocrx_word' id='word_1_145' title='bbox 894 2219 954 2282; x_wconf 85' lang='lat' dir='ltr'>atii</span> <span class='ocrx_word' id='word_1_146' title='bbox 977 2217 1165 2303; x_wconf 71' lang='lat' dir='ltr'>Capitolium</span> <span class='ocrx_word' id='word_1_147' title='bbox 1182 2225 1305 2304; x_wconf 87' lang='lat' dir='ltr'>peteret,</span> 
     </span>
     <span class='ocr_line' id='line_1_18' title="bbox 121 2323 1306 2410; baseline -0.001 -18"><span class='ocrx_word' id='word_1_148' title='bbox 121 2327 267 2410; x_wconf 76' lang='lat' dir='ltr'>plerique</span> <span class='ocrx_word' id='word_1_149' title='bbox 296 2331 398 2391; x_wconf 90' lang='lat' dir='ltr'>rostra</span> <span class='ocrx_word' id='word_1_150' title='bbox 424 2327 600 2408; x_wconf 84' lang='lat' dir='ltr'>occupanda</span> <span class='ocrx_word' id='word_1_151' title='bbox 629 2329 836 2401; x_wconf 89' lang='lat' dir='ltr'>censerent;</span> <span class='ocrx_word' id='word_1_152' title='bbox 858 2361 902 2370; x_wconf 91' lang='lat'><em>-</em></span> <span class='ocrx_word' id='word_1_153' title='bbox 925 2323 986 2389; x_wconf 82' lang='lat' dir='ltr'>An.</span> <span class='ocrx_word' id='word_1_154' title='bbox 1002 2326 1017 2390; x_wconf 93' lang='grc' dir='ltr'>Ι</span> <span class='ocrx_word' id='word_1_155' title='bbox 1032 2326 1087 2410; x_wconf 89' lang='grc'>14,</span> <span class='ocrx_word' id='word_1_156' title='bbox 1106 2328 1215 2410; x_wconf 88' lang='lat' dir='ltr'>lseq.:</span> <span class='ocrx_word' id='word_1_157' title='bbox 1246 2327 1306 2392; x_wconf 84' lang='lat' dir='ltr'>atii</span> 
     </span>
     <span class='ocr_line' id='line_1_19' title="bbox 122 2433 1305 2520; baseline 0.002 -24"><span class='ocrx_word' id='word_1_158' title='bbox 122 2438 302 2520; x_wconf 85' lang='lat' dir='ltr'>parentem,</span> <span class='ocrx_word' id='word_1_159' title='bbox 328 2434 387 2498; x_wconf 89' lang='lat' dir='ltr'>atii</span> <span class='ocrx_word' id='word_1_160' title='bbox 409 2438 539 2498; x_wconf 87' lang='lat' dir='ltr'>matrem</span> <span class='ocrx_word' id='word_1_161' title='bbox 560 2435 686 2516; x_wconf 79' lang='lat' dir='ltr'>patriae</span> <span class='ocrx_word' id='word_1_162' title='bbox 711 2433 942 2517; x_wconf 80' lang='lat' dir='ltr'>appellandam,</span> <span class='ocrx_word' id='word_1_163' title='bbox 964 2433 1106 2516; x_wconf 76' lang='lat' dir='ltr'>plerique</span> <span class='ocrx_word' id='word_1_164' title='bbox 1128 2437 1163 2496; x_wconf 90' lang='lat' dir='ltr'>at</span> <span class='ocrx_word' id='word_1_165' title='bbox 1183 2434 1305 2498; x_wconf 80' lang='lat' dir='ltr'>nanim</span> 
     </span>
     <span class='ocr_line' id='line_1_20' title="bbox 131 2539 1305 2634; baseline 0.001 -30"><span class='ocrx_word' id='word_1_166' title='bbox 131 2539 276 2634; x_wconf 55' lang='lat' dir='ltr'>(laesuris</span> <span class='ocrx_word' id='word_1_167' title='bbox 298 2539 518 2606; x_wconf 68' lang='lat' dir='ltr'>adsumeretur</span> <span class='ocrx_word' id='word_1_168' title='bbox 539 2539 665 2606; x_wconf 86' lang='lat' dir='ltr'>Iuliae</span> <span class='ocrx_word' id='word_1_169' title='bbox 690 2540 803 2620; x_wconf 80' lang='lat' dir='ltr'>fitius</span> <span class='ocrx_word' id='word_1_170' title='bbox 825 2539 1108 2618; x_wconf 75' lang='lat' dir='ltr'>mmebant;le</span> <span class='ocrx_word' id='word_1_171' title='bbox 1122 2540 1175 2624; x_wconf 81' lang='grc'>20,</span> <span class='ocrx_word' id='word_1_172' title='bbox 1189 2540 1210 2605; x_wconf 89' lang='lat'>5</span> <span class='ocrx_word' id='word_1_173' title='bbox 1224 2561 1305 2625; x_wconf 88' lang='lat' dir='ltr'>seq.:</span> 
     </span>
     <span class='ocr_line' id='line_1_21' title="bbox 131 2647 1303 2732; baseline -0.002 -18"><span class='ocrx_word' id='word_1_174' title='bbox 131 2647 223 2714; x_wconf 82' lang='lat' dir='ltr'>Sosia</span> <span class='ocrx_word' id='word_1_175' title='bbox 246 2650 281 2713; x_wconf 87' lang='lat' dir='ltr'>in</span> <span class='ocrx_word' id='word_1_176' title='bbox 308 2648 436 2714; x_wconf 78' lang='lat' dir='ltr'>emiliam</span> <span class='ocrx_word' id='word_1_177' title='bbox 457 2647 586 2730; x_wconf 87' lang='lat' dir='ltr'>pellitur</span> <span class='ocrx_word' id='word_1_178' title='bbox 604 2647 712 2712; x_wconf 79' lang='lat' dir='ltr'>Asinii</span> <span class='ocrx_word' id='word_1_179' title='bbox 726 2647 814 2713; x_wconf 87' lang='lat' dir='ltr'>Galli</span> <span class='ocrx_word' id='word_1_180' title='bbox 835 2648 997 2732; x_wconf 89' lang='lat' dir='ltr'>sententia,</span> <span class='ocrx_word' id='word_1_181' title='bbox 1028 2648 1083 2730; x_wconf 90' lang='lat' dir='ltr'>qui</span> <span class='ocrx_word' id='word_1_182' title='bbox 1103 2652 1228 2730; x_wconf 87' lang='lat' dir='ltr'>partem</span> <span class='ocrx_word' id='word_1_183' title='bbox 1255 2649 1303 2712; x_wconf 85' lang='lat' dir='ltr'>bo-</span> 
     </span>
     <span class='ocr_line' id='line_1_22' title="bbox 129 2755 1302 2840; baseline -0.003 -19"><span class='ocrx_word' id='word_1_184' title='bbox 129 2777 245 2822; x_wconf 90' lang='lat' dir='ltr'>norum</span> <span class='ocrx_word' id='word_1_185' title='bbox 261 2756 497 2840; x_wconf 72' lang='lat' dir='ltr'>palmatam,</span> <span class='ocrx_word' id='word_1_186' title='bbox 514 2774 594 2837; x_wconf 88' lang='lat' dir='ltr'>pars</span> <span class='ocrx_word' id='word_1_187' title='bbox 615 2759 651 2819; x_wconf 92' lang='lat' dir='ltr'>ut</span> <span class='ocrx_word' id='word_1_188' title='bbox 673 2755 775 2820; x_wconf 80' lang='lat' dir='ltr'>tiberis</span> <span class='ocrx_word' id='word_1_189' title='bbox 793 2756 1014 2838; x_wconf 71' lang='lat' dir='ltr'>relinqueretur</span> <span class='ocrx_word' id='word_1_190' title='bbox 1036 2759 1244 2832; x_wconf 88' lang='lat' dir='ltr'>censuerct;</span> <span class='ocrx_word' id='word_1_191' title='bbox 1259 2790 1302 2800; x_wconf 92' lang='lat'>—</span> 
     </span>
     <span class='ocr_line' id='line_1_23' title="bbox 130 2861 1306 2949; baseline -0.003 -20"><span class='ocrx_word' id='word_1_192' title='bbox 130 2862 388 2949; x_wconf 74' lang='lat' dir='ltr'>XI118,1seq.:</span> <span class='ocrx_word' id='word_1_193' title='bbox 411 2863 464 2928; x_wconf 84' lang='lat' dir='ltr'>sect</span> <span class='ocrx_word' id='word_1_194' title='bbox 484 2863 570 2944; x_wconf 82' lang='lat' dir='ltr'>apud</span> <span class='ocrx_word' id='word_1_195' title='bbox 589 2867 731 2928; x_wconf 89' lang='lat' dir='ltr'>senatum</span> <span class='ocrx_word' id='word_1_196' title='bbox 753 2864 858 2928; x_wconf 91' lang='lat' dir='ltr'>omnia</span> <span class='ocrx_word' id='word_1_197' title='bbox 880 2863 915 2926; x_wconf 89' lang='lat' dir='ltr'>in</span> <span class='ocrx_word' id='word_1_198' title='bbox 937 2862 1040 2926; x_wconf 86' lang='lat' dir='ltr'>mains</span> <span class='ocrx_word' id='word_1_199' title='bbox 1061 2861 1208 2926; x_wconf 84' lang='lat' dir='ltr'>oeiebrata</span> <span class='ocrx_word' id='word_1_200' title='bbox 1232 2867 1306 2928; x_wconf 88' lang='lat' dir='ltr'>sant</span> 
     </span>
     <span class='ocr_line' id='line_1_24' title="bbox 129 2969 1304 3054; baseline -0.003 -17"><span class='ocrx_word' id='word_1_201' title='bbox 129 2972 287 3038; x_wconf 80' lang='lat' dir='ltr'>sententiis</span> <span class='ocrx_word' id='word_1_202' title='bbox 305 2991 419 3054; x_wconf 88' lang='lat' dir='ltr'>eorum,</span> <span class='ocrx_word' id='word_1_203' title='bbox 436 2971 490 3053; x_wconf 86' lang='lat' dir='ltr'>qui</span> <span class='ocrx_word' id='word_1_204' title='bbox 507 2970 744 3053; x_wconf 76' lang='lat' dir='ltr'>supplicationes</span> <span class='ocrx_word' id='word_1_205' title='bbox 761 2976 790 3034; x_wconf 87' lang='lat' dir='ltr'>ct</span> <span class='ocrx_word' id='word_1_206' title='bbox 800 2970 905 3034; x_wconf 72' lang='lat' dir='ltr'>dubus</span> <span class='ocrx_word' id='word_1_207' title='bbox 921 2969 1178 3052; x_wconf 86' lang='lat' dir='ltr'>supplicationum</span> <span class='ocrx_word' id='word_1_208' title='bbox 1195 2974 1304 3034; x_wconf 85' lang='lat' dir='ltr'>vestem</span> 
     </span>
     <span class='ocr_line' id='line_1_25' title="bbox 123 3075 1304 3164; baseline -0.002 -22"><span class='ocrx_word' id='word_1_209' title='bbox 123 3080 266 3164; x_wconf 87' lang='lat' dir='ltr'>principi</span> <span class='ocrx_word' id='word_1_210' title='bbox 289 3077 517 3162; x_wconf 77' lang='lat' dir='ltr'>triumphalem,</span> <span class='ocrx_word' id='word_1_211' title='bbox 538 3082 630 3159; x_wconf 87' lang='lat' dir='ltr'>utque</span> <span class='ocrx_word' id='word_1_212' title='bbox 651 3097 745 3142; x_wconf 85' lang='lat' dir='ltr'>ouans</span> <span class='ocrx_word' id='word_1_213' title='bbox 767 3077 871 3141; x_wconf 85' lang='lat' dir='ltr'>urbem</span> <span class='ocrx_word' id='word_1_214' title='bbox 893 3078 998 3161; x_wconf 87' lang='lat' dir='ltr'>iniret,</span> <span class='ocrx_word' id='word_1_215' title='bbox 1024 3075 1214 3162; x_wconf 76' lang='lat' dir='ltr'>effipiemque</span> <span class='ocrx_word' id='word_1_216' title='bbox 1238 3077 1304 3141; x_wconf 79' lang='lat' dir='ltr'>eicis</span> 
     </span>
     <span class='ocr_line' id='line_1_26' title="bbox 123 3181 1326 3271; baseline -0.005 -18"><span class='ocrx_word' id='word_1_217' title='bbox 123 3188 204 3271; x_wconf 89' lang='lat' dir='ltr'>pari</span> <span class='ocrx_word' id='word_1_218' title='bbox 222 3185 435 3268; x_wconf 76' lang='lat' dir='ltr'>maquiturtine</span> <span class='ocrx_word' id='word_1_219' title='bbox 452 3205 489 3249; x_wconf 89' lang='lat' dir='ltr'>ac</span> <span class='ocrx_word' id='word_1_220' title='bbox 502 3183 618 3250; x_wconf 88' lang='lat' dir='ltr'>Mortis</span> <span class='ocrx_word' id='word_1_221' title='bbox 634 3183 749 3250; x_wconf 85' lang='lat' dir='ltr'>Uttaris</span> <span class='ocrx_word' id='word_1_222' title='bbox 766 3185 867 3248; x_wconf 87' lang='lat' dir='ltr'>eadem</span> <span class='ocrx_word' id='word_1_223' title='bbox 884 3185 919 3248; x_wconf 90' lang='lat' dir='ltr'>in</span> <span class='ocrx_word' id='word_1_224' title='bbox 938 3184 1046 3266; x_wconf 84' lang='lat' dir='ltr'>templa</span> <span class='ocrx_word' id='word_1_225' title='bbox 1064 3181 1326 3260; x_wconf 65' lang='lat' dir='ltr'>causticam-⁶</span> 
     </span>
     <span class='ocr_line' id='line_1_27' title="bbox 129 3289 1302 3380; baseline -0.005 -20"><span class='ocrx_word' id='word_1_226' title='bbox 129 3294 361 3380; x_wconf 82' lang='lat'>1132,6-9:</span> <span class='ocrx_word' id='word_1_227' title='bbox 392 3293 474 3356; x_wconf 88' lang='lat' dir='ltr'>dona</span> <span class='ocrx_word' id='word_1_228' title='bbox 494 3291 576 3376; x_wconf 82' lang='lat' dir='ltr'>Iorn,</span> <span class='ocrx_word' id='word_1_229' title='bbox 606 3292 721 3376; x_wconf 88' lang='lat' dir='ltr'>Marti,</span> <span class='ocrx_word' id='word_1_230' title='bbox 751 3290 948 3376; x_wconf 60' lang='lat' dir='ltr'>Concordim</span> <span class='ocrx_word' id='word_1_231' title='bbox 982 3295 1074 3373; x_wconf 88' lang='lat' dir='ltr'>utque</span> <span class='ocrx_word' id='word_1_232' title='bbox 1105 3291 1213 3355; x_wconf 83' lang='lat' dir='ltr'>iduum</span> <span class='ocrx_word' id='word_1_233' title='bbox 1231 3289 1302 3374; x_wconf 85' lang='lat' dir='ltr'>Sep</span> 
     </span>
     <span class='ocr_line' id='line_1_28' title="bbox 131 3397 1302 3484; baseline -0.004 -17"><span class='ocrx_word' id='word_1_234' title='bbox 131 3401 293 3467; x_wconf 80' lang='lat' dir='ltr'>temtrimn</span> <span class='ocrx_word' id='word_1_235' title='bbox 322 3400 398 3484; x_wconf 86' lang='lat' dir='ltr'>dies,</span> <span class='ocrx_word' id='word_1_236' title='bbox 432 3419 491 3482; x_wconf 89' lang='lat' dir='ltr'>qua</span> <span class='ocrx_word' id='word_1_237' title='bbox 520 3419 551 3464; x_wconf 88' lang='lat' dir='ltr'>se</span> <span class='ocrx_word' id='word_1_238' title='bbox 568 3399 645 3464; x_wconf 87' lang='lat' dir='ltr'>Libo</span> <span class='ocrx_word' id='word_1_239' title='bbox 675 3400 878 3484; x_wconf 74' lang='lat' dir='ltr'>interfecerat,</span> <span class='ocrx_word' id='word_1_240' title='bbox 913 3399 977 3464; x_wconf 86' lang='lat' dir='ltr'>dies</span> <span class='ocrx_word' id='word_1_241' title='bbox 1009 3398 1105 3478; x_wconf 82' lang='lat' dir='ltr'>festus</span> <span class='ocrx_word' id='word_1_242' title='bbox 1134 3397 1302 3482; x_wconf 77' lang='lat' dir='ltr'>laberetur,</span> 
     </span>
     <span class='ocr_line' id='line_1_29' title="bbox 131 3504 1301 3590; baseline -0.008 -14"><span class='ocrx_word' id='word_1_243' title='bbox 131 3511 170 3576; x_wconf 87' lang='lat' dir='ltr'>L.</span> <span class='ocrx_word' id='word_1_244' title='bbox 185 3508 259 3574; x_wconf 86' lang='lat' dir='ltr'>Piso</span> <span class='ocrx_word' id='word_1_245' title='bbox 288 3512 317 3572; x_wconf 92' lang='lat' dir='ltr'>et</span> <span class='ocrx_word' id='word_1_246' title='bbox 330 3505 444 3572; x_wconf 82' lang='lat' dir='ltr'>Gallus</span> <span class='ocrx_word' id='word_1_247' title='bbox 457 3507 590 3572; x_wconf 83' lang='lat' dir='ltr'>Asinius</span> <span class='ocrx_word' id='word_1_248' title='bbox 621 3512 650 3571; x_wconf 90' lang='lat' dir='ltr'>et</span> <span class='ocrx_word' id='word_1_249' title='bbox 663 3506 782 3590; x_wconf 89' lang='lat' dir='ltr'>Papius</span> <span class='ocrx_word' id='word_1_250' title='bbox 801 3506 935 3572; x_wconf 87' lang='lat' dir='ltr'>Mutilus</span> <span class='ocrx_word' id='word_1_251' title='bbox 963 3510 992 3570; x_wconf 92' lang='lat' dir='ltr'>et</span> <span class='ocrx_word' id='word_1_252' title='bbox 1004 3504 1041 3570; x_wconf 88' lang='lat' dir='ltr'>L.</span> <span class='ocrx_word' id='word_1_253' title='bbox 1056 3505 1216 3587; x_wconf 77' lang='lat' dir='ltr'>Apronius</span> <span class='ocrx_word' id='word_1_254' title='bbox 1245 3505 1301 3568; x_wconf 83' lang='lat' dir='ltr'>cte-</span> 
     </span>
     <span class='ocr_line' id='line_1_30' title="bbox 129 3608 1301 3700; baseline -0.009 -16"><span class='ocrx_word' id='word_1_255' title='bbox 129 3635 288 3692; x_wconf 86' lang='lat' dir='ltr'>creaere;</span> <span class='ocrx_word' id='word_1_256' title='bbox 312 3651 353 3660; x_wconf 88' lang='lat'>—</span> <span class='ocrx_word' id='word_1_257' title='bbox 378 3611 425 3678; x_wconf 92' lang='lat' dir='ltr'>VI</span> <span class='ocrx_word' id='word_1_258' title='bbox 439 3613 482 3678; x_wconf 92' lang='grc'>48</span> <span class='ocrx_word' id='word_1_259' title='bbox 498 3610 582 3700; x_wconf 86' lang='grc'>(54),</span> <span class='ocrx_word' id='word_1_260' title='bbox 598 3614 637 3679; x_wconf 88' lang='grc'>19</span> <span class='ocrx_word' id='word_1_261' title='bbox 655 3636 737 3698; x_wconf 90' lang='lat' dir='ltr'>seq.:</span> <span class='ocrx_word' id='word_1_262' title='bbox 763 3619 940 3698; x_wconf 89' lang='lat' dir='ltr'>stuprorum</span> <span class='ocrx_word' id='word_1_263' title='bbox 966 3613 1031 3678; x_wconf 87' lang='lat' dir='ltr'>eins</span> <span class='ocrx_word' id='word_1_264' title='bbox 1052 3612 1202 3695; x_wconf 88' lang='lat' dir='ltr'>ministri,</span> <span class='ocrx_word' id='word_1_265' title='bbox 1226 3608 1301 3676; x_wconf 85' lang='lat' dir='ltr'>Oar-</span> 
     </span>
     <span class='ocr_line' id='line_1_31' title="bbox 128 3717 1302 3804; baseline -0.005 -15"><span class='ocrx_word' id='word_1_266' title='bbox 128 3725 229 3790; x_wconf 77' lang='lat' dir='ltr'>satius</span> <span class='ocrx_word' id='word_1_267' title='bbox 249 3720 397 3787; x_wconf 79' lang='lat' dir='ltr'>Sacerdos</span> <span class='ocrx_word' id='word_1_268' title='bbox 418 3721 596 3804; x_wconf 81' lang='lat' dir='ltr'>praetorias</span> <span class='ocrx_word' id='word_1_269' title='bbox 625 3725 661 3785; x_wconf 92' lang='lat' dir='ltr'>ut</span> <span class='ocrx_word' id='word_1_270' title='bbox 688 3723 723 3784; x_wconf 87' lang='lat' dir='ltr'>in</span> <span class='ocrx_word' id='word_1_271' title='bbox 753 3722 890 3786; x_wconf 83' lang='lat' dir='ltr'>insulam</span> <span class='ocrx_word' id='word_1_272' title='bbox 921 3722 1143 3804; x_wconf 84' lang='lat' dir='ltr'>deportaretur,</span> <span class='ocrx_word' id='word_1_273' title='bbox 1170 3717 1302 3784; x_wconf 85' lang='lat' dir='ltr'>Pontius</span> 
     </span>
     <span class='ocr_line' id='line_1_32' title="bbox 129 3827 1302 3914; baseline -0.004 -19"><span class='ocrx_word' id='word_1_274' title='bbox 129 3830 333 3914; x_wconf 81' lang='lat' dir='ltr'>Frepeilanus</span> <span class='ocrx_word' id='word_1_275' title='bbox 354 3829 506 3892; x_wconf 87' lang='lat' dir='ltr'>amitteret</span> <span class='ocrx_word' id='word_1_276' title='bbox 534 3829 672 3892; x_wconf 81' lang='lat' dir='ltr'>ordinem</span> <span class='ocrx_word' id='word_1_277' title='bbox 700 3829 902 3911; x_wconf 79' lang='lat' dir='ltr'>senatorium,</span> <span class='ocrx_word' id='word_1_278' title='bbox 928 3833 957 3892; x_wconf 92' lang='lat' dir='ltr'>et</span> <span class='ocrx_word' id='word_1_279' title='bbox 982 3827 1101 3892; x_wconf 81' lang='lat' dir='ltr'>eaedem</span> <span class='ocrx_word' id='word_1_280' title='bbox 1125 3845 1240 3907; x_wconf 89' lang='lat' dir='ltr'>poenae</span> <span class='ocrx_word' id='word_1_281' title='bbox 1267 3827 1302 3890; x_wconf 89' lang='lat' dir='ltr'>in</span> 
     </span>
     <span class='ocr_line' id='line_1_33' title="bbox 130 3934 1302 4017; baseline -0.006 -13"><span class='ocrx_word' id='word_1_282' title='bbox 130 3938 275 4004; x_wconf 86' lang='lat' dir='ltr'>Laelium</span> <span class='ocrx_word' id='word_1_283' title='bbox 297 3935 436 4002; x_wconf 84' lang='lat' dir='ltr'>Balbum</span> <span class='ocrx_word' id='word_1_284' title='bbox 458 3934 724 4012; x_wconf 85' lang='lat' dir='ltr'>decernuntur;</span> <span class='ocrx_word' id='word_1_285' title='bbox 744 3971 787 3982; x_wconf 85' lang='lat'>-</span> <span class='ocrx_word' id='word_1_286' title='bbox 805 3934 887 3999; x_wconf 91' lang='lat' dir='ltr'>XIII</span> <span class='ocrx_word' id='word_1_287' title='bbox 900 3934 953 4014; x_wconf 83' lang='lat'>41,</span> <span class='ocrx_word' id='word_1_288' title='bbox 971 3934 1010 3998; x_wconf 90' lang='grc'>19</span> <span class='ocrx_word' id='word_1_289' title='bbox 1026 3954 1103 4017; x_wconf 86' lang='lat' dir='ltr'>seq.:</span> <span class='ocrx_word' id='word_1_290' title='bbox 1125 3936 1302 4014; x_wconf 87' lang='lat' dir='ltr'>statuaeque</span> 
     </span>
     <span class='ocr_line' id='line_1_34' title="bbox 129 4037 1301 4126; baseline -0.009 -14"><span class='ocrx_word' id='word_1_291' title='bbox 129 4051 158 4112; x_wconf 90' lang='lat' dir='ltr'>et</span> <span class='ocrx_word' id='word_1_292' title='bbox 180 4065 271 4112; x_wconf 76' lang='lat' dir='ltr'>araas</span> <span class='ocrx_word' id='word_1_293' title='bbox 293 4049 322 4108; x_wconf 90' lang='lat' dir='ltr'>et</span> <span class='ocrx_word' id='word_1_294' title='bbox 343 4043 481 4108; x_wconf 86' lang='lat' dir='ltr'>continui</span> <span class='ocrx_word' id='word_1_295' title='bbox 503 4041 678 4106; x_wconf 71' lang='lat' dir='ltr'>consutam</span> <span class='ocrx_word' id='word_1_296' title='bbox 693 4043 846 4126; x_wconf 80' lang='lat' dir='ltr'>principi,</span> <span class='ocrx_word' id='word_1_297' title='bbox 873 4045 963 4122; x_wconf 85' lang='lat' dir='ltr'>utque</span> <span class='ocrx_word' id='word_1_298' title='bbox 992 4042 1072 4105; x_wconf 84' lang='lat' dir='ltr'>inter</span> <span class='ocrx_word' id='word_1_299' title='bbox 1096 4037 1189 4120; x_wconf 81' lang='lat' dir='ltr'>festos</span> <span class='ocrx_word' id='word_1_300' title='bbox 1210 4039 1301 4119; x_wconf 82' lang='lat' dir='ltr'>refer·</span> 
     </span>
     <span class='ocr_line' id='line_1_35' title="bbox 128 4148 1300 4233; baseline -0.009 -15"><span class='ocrx_word' id='word_1_301' title='bbox 128 4159 214 4220; x_wconf 79' lang='lat' dir='ltr'>rena</span> <span class='ocrx_word' id='word_1_302' title='bbox 244 4153 321 4230; x_wconf 81' lang='lat' dir='ltr'>dies,</span> <span class='ocrx_word' id='word_1_303' title='bbox 349 4149 535 4233; x_wconf 86' lang='lat' dir='ltr'>.’..aliaque</span> <span class='ocrx_word' id='word_1_304' title='bbox 565 4149 600 4212; x_wconf 88' lang='lat' dir='ltr'>in</span> <span class='ocrx_word' id='word_1_305' title='bbox 631 4149 757 4213; x_wconf 82' lang='lat' dir='ltr'>candem</span> <span class='ocrx_word' id='word_1_306' title='bbox 788 4148 925 4228; x_wconf 75' lang='lat' dir='ltr'>tamam</span> <span class='ocrx_word' id='word_1_307' title='bbox 963 4149 1226 4222; x_wconf 82' lang='lat' dir='ltr'>decernuntur;</span> <span class='ocrx_word' id='word_1_308' title='bbox 1260 4182 1300 4194; x_wconf 89' lang='lat'>-</span> 
     </span>
     <span class='ocr_line' id='line_1_36' title="bbox 130 4255 1301 4346; baseline -0.009 -19"><span class='ocrx_word' id='word_1_309' title='bbox 130 4261 177 4328; x_wconf 89' lang='lat' dir='ltr'>VI</span> <span class='ocrx_word' id='word_1_310' title='bbox 192 4262 233 4326; x_wconf 90' lang='grc'>31</span> <span class='ocrx_word' id='word_1_311' title='bbox 251 4256 336 4346; x_wconf 78' lang='grc'>(37),</span> <span class='ocrx_word' id='word_1_312' title='bbox 355 4258 374 4322; x_wconf 88' lang='lat'><strong>9</strong></span> <span class='ocrx_word' id='word_1_313' title='bbox 390 4279 469 4341; x_wconf 88' lang='lat' dir='ltr'>seq.:</span> <span class='ocrx_word' id='word_1_314' title='bbox 500 4256 595 4322; x_wconf 89' lang='lat' dir='ltr'>simut</span> <span class='ocrx_word' id='word_1_315' title='bbox 624 4260 734 4320; x_wconf 83' lang='lat' dir='ltr'>ueteres</span> <span class='ocrx_word' id='word_1_316' title='bbox 753 4255 922 4320; x_wconf 85' lang='lat' dir='ltr'>Persarum</span> <span class='ocrx_word' id='word_1_317' title='bbox 952 4276 989 4320; x_wconf 89' lang='lat' dir='ltr'>ae</span> <span class='ocrx_word' id='word_1_318' title='bbox 1006 4255 1212 4320; x_wconf 80' lang='lat' dir='ltr'>Macedonum</span> <span class='ocrx_word' id='word_1_319' title='bbox 1244 4258 1301 4317; x_wconf 90' lang='lat' dir='ltr'>ter-</span> 
     </span>
     <span class='ocr_line' id='line_1_37' title="bbox 129 4359 1318 4454; baseline -0.008 -20"><span class='ocrx_word' id='word_1_320' title='bbox 129 4371 243 4454; x_wconf 83' lang='lat' dir='ltr'>minos,</span> <span class='ocrx_word' id='word_1_321' title='bbox 266 4386 352 4448; x_wconf 85' lang='lat' dir='ltr'>seque</span> <span class='ocrx_word' id='word_1_322' title='bbox 374 4366 557 4429; x_wconf 86' lang='lat' dir='ltr'>inuasurum</span> <span class='ocrx_word' id='word_1_323' title='bbox 573 4366 713 4447; x_wconf 85' lang='lat' dir='ltr'>possessa</span> <span class='ocrx_word' id='word_1_324' title='bbox 734 4365 875 4446; x_wconf 89' lang='lat' dir='ltr'>primum</span> <span class='ocrx_word' id='word_1_325' title='bbox 891 4359 969 4445; x_wconf 75' lang='lat' dir='ltr'>quo</span> <span class='ocrx_word' id='word_1_326' title='bbox 991 4365 1021 4425; x_wconf 91' lang='lat' dir='ltr'>et</span> <span class='ocrx_word' id='word_1_327' title='bbox 1035 4366 1108 4445; x_wconf 89' lang='lat' dir='ltr'>past</span> <span class='ocrx_word' id='word_1_328' title='bbox 1121 4360 1318 4436; x_wconf 64' lang='lat' dir='ltr'>numano,</span> 
     </span>
     <span class='ocr_line' id='line_1_38' title="bbox 121 4464 1301 4565; baseline -0.007 -23"><span class='ocrx_word' id='word_1_329' title='bbox 121 4501 182 4565; x_wconf 86' lang='lat' dir='ltr'>per</span> <span class='ocrx_word' id='word_1_330' title='bbox 203 4473 464 4557; x_wconf 82' lang='lat' dir='ltr'>mniloquentiam</span> <span class='ocrx_word' id='word_1_331' title='bbox 486 4476 515 4536; x_wconf 86' lang='lat' dir='ltr'>ct</span> <span class='ocrx_word' id='word_1_332' title='bbox 538 4472 642 4536; x_wconf 72' lang='lat' dir='ltr'>mitras</span> <span class='ocrx_word' id='word_1_333' title='bbox 668 4471 842 4549; x_wconf 65' lang='lat' dir='ltr'>lactetur</span> <span class='ocrx_word' id='word_1_334' title='bbox 870 4506 903 4515; x_wconf 96' lang='lat'>-</span> <span class='ocrx_word' id='word_1_335' title='bbox 924 4469 966 4534; x_wconf 83' lang='lat'>34</span> <span class='ocrx_word' id='word_1_336' title='bbox 982 4464 1216 4556; x_wconf 79' lang='lat' dir='ltr'>(40),14seq.:</span> <span class='ocrx_word' id='word_1_337' title='bbox 1240 4468 1301 4534; x_wconf 80' lang='lat' dir='ltr'>cm-</span> 
     </span>
    </p>
   </div>
   <div class='ocr_carea' id='block_1_3' title="bbox 0 0 1606 5284">
    <p class='ocr_par' dir='ltr' id='par_1_4' title="bbox 0 0 1606 5284">
     <span class='ocr_line' id='line_1_39' title="bbox 0 0 1606 5284; baseline 0 0"><span class='ocrx_word' id='word_1_338' title='bbox 0 0 1606 5284; x_wconf 95' lang='lat' dir='ltr'> </span> 
     </span>
    </p>
   </div>
  </div>
 </body>
</html>
