3204 5284
586 441 826 506 -131-

108 597 252 664 rebatur
284 599 326 664 ob
358 598 583 667 claritudinem
620 601 804 668 studiorum
836 603 905 670 eius
937 606 1038 690 utque
1071 607 1105 670 et
1126 627 1156 691 q.
1177 627 1218 691 a,
1254 643 1288 654 -

108 703 346 791 1113,lseq.:
371 705 511 773 Tubertus
533 714 624 792 atque
646 711 788 794 Aupusta
804 710 927 794 ptcblico
949 710 1136 796 abstinuere,
1157 713 1291 794 inferius

108 813 277 878 nsaiestatc
298 833 357 878 aaa
377 816 442 880 rati
464 812 499 902 (i.
514 837 540 881 e.
554 813 840 902 quia-rebantur),
861 819 891 882 si
906 818 1018 900 palam
1041 818 1291 897 lamentarentur,

107 941 160 984 an
185 941 230 984 ne
252 921 391 986 munium
413 922 508 988 oculas
529 924 649 988 cotom
670 945 775 988 emam
804 925 1012 992 scrutantubus
1037 925 1115 1006 falsi
1143 927 1291 1009 iutetlepe-

107 1031 241 1104 rcntun‚·
265 1026 411 1094 conferas
435 1030 535 1095 etium
554 1030 662 1096 locum
681 1029 762 1096 XIII
776 1029 834 1114 39,
849 1032 866 1096 1
883 1053 963 1118 seq.:
986 1053 1041 1098 reu
1063 1033 1126 1098 aaa
1146 1033 1291 1112 faunam

108 1139 410 1220 suspectans...
433 1138 510 1202 sine
546 1143 587 1203 nt
621 1143 805 1204 commeatus
839 1143 960 1204 nosnos
987 1139 1114 1206 Pontico
1149 1142 1234 1204 mari
1264 1145 1293 1205 et

112 1239 311 1326 Trapeeunte
332 1245 441 1326 oppido
467 1246 663 1312 adventantes
693 1246 896 1327 interceperat,
925 1267 1053 1330 propere
1081 1247 1224 1324 onnam
1251 1284 1287 1295 -

110 1348 453 1435 Hian14‚1seq.:
482 1357 517 1416 at
538 1351 647 1418 &uites
670 1357 743 1434 post
776 1352 894 1418 malam
923 1355 959 1417 in
983 1355 1121 1419 Tenen
1149 1371 1291 1436 munem

112 1461 259 1540 reparato
287 1477 347 1539 per
376 1457 581 1524 Germaniam
609 1460 741 1524 eanum
770 1460 856 1543 opud
883 1457 989 1526 Vetera
1018 1465 1121 1526 eostre
1149 1462 1291 1546 consedit,

113 1566 217 1629 tutus
236 1564 300 1628 loco
318 1561 354 1650 (i.
369 1586 396 1630 e.
413 1565 490 1650 quie
503 1569 596 1633 tutus
611 1569 683 1632 erat
696 1563 782 1652 loco)
801 1571 833 1630 et
849 1572 889 1631 ut
906 1568 1057 1632 memoria
1068 1587 1290 1650 prosperarum

118 1672 186 1736 itlic
216 1693 335 1736 nerum
354 1679 547 1756 aupescerent
577 1674 779 1739 barbarorum
816 1674 932 1751 animm
965 1709 1009 1720 ·-·
1037 1672 1089 1739 IlI
1104 1674 1161 1760 46,
1184 1676 1204 1739 9
1224 1697 1290 1760 seq.

120 1780 238 1861 tonum
260 1784 364 1844 metra
387 1780 538 1864 lcpionrom
560 1782 716 1846 mundae
731 1781 905 1864 parabam,
932 1783 968 1845 ni
981 1781 1152 1848 Mucianus
1172 1787 1291 1848 sestam

124 1885 261 1967 menen
294 1889 495 1974 opposome,
526 1887 738 1955 Oremonensis
769 1889 913 1954 murae
940 1909 1083 1971 pnarus
1115 1885 1190 1975 (ie.
1215 1867 1291 1976 (iaia

123 1989 172 2058 Or.
187 2015 214 2058 v.
227 2015 347 2079 gnarus
371 1993 456 2082 eret)
479 2017 521 2060 ae
542 2016 585 2060 ne
607 1999 732 2060 murm
763 1996 857 2060 mous
885 1997 1038 2078 utrimque
1067 1997 1234 2082 inprunet,
1262 1998 1291 2062 si

116 2099 224 2166 Dacus
247 2099 481 2185 Germanusque
501 2103 833 2184 diuersiinrupnssent.

205 2207 364 2274 Omnibus
387 2209 439 2274 his
462 2210 620 2296 exemplis
644 2208 726 2273 bene
749 2208 917 2293 perpensis
940 2212 1033 2294 patet
1051 2208 1201 2276 Tacitum
1223 2233 1290 2278 non

113 2316 179 2401 ipsi
210 2316 380 2380 enuntiato
410 2315 593 2382 accuratius
626 2315 816 2400 explicando
849 2316 1054 2381 enuntiatum
1081 2317 1182 2398 ‚finale
1214 2340 1288 2403 par·

111 2423 226 2488 ticulis
249 2423 444 2509 copulativis
468 2422 672 2509 epexegetice
700 2421 817 2506 positis
846 2421 1045 2509 adiunxisse,
1072 2424 1150 2509 quia
1179 2424 1290 2491 durior

111 2529 280 2596 extitisset
302 2529 472 2596 verborum
503 2534 674 2596 structura.
720 2527 814 2604 Quod
842 2551 909 2594 non
938 2529 1128 2614 infringitur
1159 2531 1288 2598 collatis

111 2636 197 2702 locis
224 2640 262 2700 ut
281 2635 446 2722 sales,
463 2638 503 2701 14
518 2658 599 2721 seq.:
627 2641 719 2718 atque
747 2636 801 2702 ubi
824 2638 966 2718 paruum
993 2639 1040 2702 tui
1061 2640 1161 2722 copia,
1189 2645 1290 2704 aetem

111 2745 202 2810 nonis
223 2749 253 2810 et
273 2745 375 2826 arieto
399 2744 528 2809 turbidis
550 2743 729 2827 anfflobeo,
756 2764 872 2825 neque
894 2744 930 2808 ob
945 2745 1140 2830 proemium,
1166 2748 1230 2812 sed
1249 2753 1286 2812 nt

111 2873 162 2917 nse
181 2852 319 2936 perfidia
350 2852 504 2918 ensotomn
536 2847 899 2937 (cs—1V48,7seq.:
922 2852 1017 2934 mitur
1042 2851 1140 2918 bostes
1166 2856 1289 2922 ancum

113 2979 219 3024 eorum
242 2964 393 3042 consperto
421 2959 482 3024 duo
509 2959 637 3041 opmtna
659 2961 791 3042 parant,
817 2979 948 3040 quorum
974 2959 1069 3024 altem
1092 2961 1289 3043 populatores

116 3067 348 3150 lucaderentur,
379 3065 439 3130 alii
470 3070 573 3132 costra
595 3063 741 3130 Romam
772 3065 998 3150 adpupnarent,
1034 3087 1107 3131 non
1136 3087 1198 3151 spe
1229 3090 1289 3134 ca·

108 3174 253 3255 piendi,
290 3174 355 3237 sed
383 3176 424 3234 ut
454 3172 601 3257 eamne,
639 3171 706 3236 telis
741 3191 797 3236 suo
829 3173 955 3254 quisque
980 3173 1118 3256 periculo
1153 3176 1289 3242 intentus

112 3301 253 3345 sonarem
275 3279 403 3344 alterius
425 3279 540 3362 proelii
567 3300 631 3344 non
659 3279 835 3363 mansuetu
858 3301 933 3343 nam
958 3279 1169 3348 usuales
1197 3305 1288 3368 pree·

112 3386 322 3472 positicnalis
345 3385 444 3451 dictio
468 3389 569 3470 e‘e'que
592 3387 669 3451 novi
692 3385 816 3470 aliquid
838 3386 1000 3472 particula
1027 3409 1150 3472 neque
1174 3409 1286 3474 epexe-

113 3493 222 3580 getice
246 3493 510 3558 antecedentibus
534 3493 726 3577 adnectitur,
748 3493 796 3557 ita
819 3493 890 3558 loco
914 3493 983 3578 illo,
1006 3493 1046 3560 de
1069 3516 1133 3579 quo
1157 3516 1209 3560 res
1228 3501 1288 3581 est,

111 3623 181 3668 non
204 3600 345 3666 dictione
368 3600 651 3686 praepositionali,
675 3601 731 3666 sed
755 3601 923 3665 enuntiato
941 3600 1033 3666 finali
1050 3622 1116 3664 nou
1134 3601 1209 3666 novi
1228 3602 1286 3667 ali·

113 3708 200 3794 quid·
218 3707 362 3791 additur,
389 3705 445 3772 sed
473 3729 607 3791 prorsus
630 3706 716 3774 idem
741 3706 827 3792 quod
850 3711 947 3772 antea
971 3707 1051 3771 satis
1075 3707 1138 3771 iam
1164 3707 1287 3772 dictum

113 3817 199 3899 erat,
228 3817 320 3899 patet
343 3813 429 3879 enim
452 3813 603 3880 Raetiam
627 3814 791 3899 Iuliasque
814 3813 916 3898 Alpes
947 3813 1087 3879 exercitu
1112 3814 1287 3898 obsaeptas

112 3943 181 3987 non
212 3920 312 3986 fiiisse
344 3920 473 4005 pervias
501 3917 554 4006 (al.
582 3921 682 3986 etiam
715 3919 776 3984 An.
799 3918 848 3984 IV
873 3920 930 4001 34,
954 3921 988 3984 8:
1010 3942 1041 4004 p.
1063 3916 1150 4004 106).
1194 3919 1287 3996 Quod

113 4027 263 4093 Heraeus
283 4026 462 4111 contendit,
479 4031 591 4092 nostro
611 4027 683 4093 loco
703 4031 741 4091 ut
758 4025 979 4091 accusativum
999 4025 1116 4090 obiecti
1135 4026 1211 4091 iter
1235 4024 1286 4112 (cf.

114 4158 145 4219 p.
156 4134 220 4199 126
235 4130 274 4219 s.)
288 4133 336 4198 ita
351 4134 554 4198 enuntiatum
568 4133 650 4197 illud
666 4134 762 4198 finale
776 4132 938 4217 particula
957 4154 998 4197 ac
1017 4132 1047 4197 ei
1062 4131 1287 4197 coordinatum

113 4240 255 4327 pendere
286 4263 324 4306 ex
353 4241 618 4324 obsaepserat,
648 4261 746 4324 supra
774 4239 839 4304 iam
867 4238 1161 4304 demonstravimus
1188 4261 1287 4303 enun-

114 4347 236 4412 tiatum
267 4347 408 4427 auferet
441 4368 507 4411 non
540 4346 612 4430 ipso
649 4346 747 4411 verbo
780 4346 983 4431 obsaepire
1020 4345 1091 4430 regi
1123 4367 1219 4429 posse
1252 4349 1289 4409 ut

113 4455 216 4519 verbo
239 4453 446 4540 impediendi,
469 4452 525 4517 sed
544 4473 666 4517 meram
684 4452 804 4518 habere
828 4453 894 4517 vim
917 4453 1048 4518 finalem
1070 4451 1185 4532 (damst
1206 4451 1291 4516 nicbt

1041 4554 1077 4609 9*
