3242 5284
696 1098 716 1176 ξ
742 1098 769 1159 1.

337 1233 492 1301 Verbum
515 1236 703 1302 omittitur
726 1238 811 1318 quia
834 1236 926 1302 satis
950 1237 1133 1302 indicatur

147 1363 173 1427 1.
201 1360 405 1447 adverbio,
429 1363 528 1446 qnod
551 1363 680 1428 solum
703 1362 748 1428 ad
772 1363 931 1428 verbum
955 1367 1099 1429 cartam
1120 1363 1316 1428 actionem

501 1469 678 1535 indicans
702 1471 793 1556 poni
816 1473 960 1556 potest.

236 1611 342 1676 Germ.
361 1612 410 1698 19,
424 1612 511 1697 9s11:
534 1613 645 1678 melius
659 1614 782 1692 quidam
796 1613 895 1678 adbuc
909 1635 961 1678 cue
980 1613 1127 1697 civitates,
1150 1615 1186 1678 io
1206 1611 1317 1694 quibus

148 1723 268 1783 turcium
290 1721 423 1802 cirpiucs
445 1721 566 1785 audiui
587 1725 615 1785 ct
637 1739 706 1784 cum
735 1741 786 1804 spe
808 1726 933 1803 votoque
962 1720 1071 1786 itioris
1094 1721 1185 1786 semei
1214 1724 1316 1784 trous-

150 1825 256 1908 ipitur:
293 1848 354 1891 om.
383 1833 515 1913 agunt.
543 1865 587 1874 -
610 1827 693 1892 Ann.
711 1829 801 1913 143,
831 1828 985 1893 amelius
1014 1833 1043 1893 ct
1073 1830 1235 1893 amantius
1257 1827 1316 1912 ille,

151 1937 201 2015 qui
229 1935 371 2017 placitum
400 1934 551 2014 offerebat.
573 1971 613 1982 -
634 1933 681 2000 lV
697 1936 755 2022 38,
782 1935 875 2019 18119
898 1936 1016 2000 melius
1038 1935 1233 2020 Aupuctum,
1263 1936 1318 2014 qui

146 2040 319 2123 peccori.
356 2039 465 2107 Dictio
479 2042 765 2127 praepositionalis
789 2043 911 2108 accedit
934 2043 974 2107 ad
989 2041 1192 2108 adverbium:
1215 2041 1256 2106 H.
1270 2039 1317 2106 IV

146 2148 196 2234 32,
222 2149 319 2213 1-8
344 2150 388 2214 od
408 2167 445 2213 cc
469 2147 579 2215 Civilis
594 2148 701 2233 primo
724 2148 841 2215 collide.
866 2187 908 2197 -
932 2150 1023 2215 Loci
1048 2149 1168 2214 dubii:

236 2255 298 2320 An.
312 2253 391 2320 XIV
407 2257 436 2341 l,
455 2257 508 2322 11:
532 2256 614 2322 cod:
638 2256 714 2322 Post
731 2256 846 2322 Scaeuo
868 2257 1014 2322 aaronis
1027 2258 1202 2338 promptius
1224 2258 1318 2339 respi-

144 2367 222 2426 ceret
244 2361 390 2426 Burrum
421 2368 453 2427 et
481 2387 510 2448 q.
529 2385 553 2428 s.
574 2362 693 2429 Mutila
722 2369 812 2449 sunt,
842 2363 1004 2448 Heraeus,
1036 2383 1093 2429 rur
1115 2363 1224 2428 Krililc
1252 2363 1320 2426 aad

143 2469 329 2552 Erkliirunp
357 2470 409 2535 des
440 2470 580 2549 Tacitis,
609 2469 731 2535 Hamm
764 2472 864 2556 1859,
900 2470 1178 2554 simplicissimam
1212 2491 1318 2535 emen·

145 2553 314 2642 dationem
336 2578 573 2663 promptius,
597 2583 640 2643 ut
662 2578 870 2664 improbavit,
894 2578 971 2663 quia
988 2599 1049 2643 nec
1066 2580 1243 2663 prompte
1266 2578 1317 2642 vcl
1353 2659 1356 2668 .

143 2683 366 2769 promptius
390 2684 475 2770 apud
499 2684 648 2750 Tacitum
672 2685 824 2771 elliptice,
847 2686 867 2750 i.
882 2709 907 2751 c.
932 2683 1052 2751 omisso
1080 2685 1178 2750 verbo
1202 2684 1319 2771 agendi

144 2795 341 2875 usurpatum
369 2796 455 2857 esset
486 2813 546 2857 nec
577 2792 655 2857 talis
688 2793 779 2858 verbi
811 2792 945 2858 omissio
978 2792 1042 2857 nivi
1074 2791 1108 2855 in
1140 2791 1318 2856 enuntiatis

144 2897 348 2963 brevissimis
363 2899 433 2964 fieri
446 2899 623 2984 potuisset,
641 2903 810 2984 praeterea
829 2922 960 2985 sensum
974 2899 1146 2964 verborum
1166 2921 1319 2982 promp-

143 3006 227 3070 tius
252 3027 298 3070 sc.
322 3006 403 3091 egit
424 3028 491 3071 non
513 3028 646 3090 prorsus
671 3007 846 3092 quadrare,
873 3007 984 3091 itaque
1015 3005 1220 3070 scribendum
1248 3027 1319 3070 esso

143 3113 354 3198 prompsit,
377 3118 429 3178 ut.
473 3112 533 3180 Ed.
558 3113 721 3199 Wblfflin,
745 3113 829 3179 Phil.
848 3114 889 3178 27
907 3138 937 3199 p.
955 3114 1018 3178 114
1033 3114 1214 3198 palmarem
1237 3112 1321 3177 hanc

144 3219 367 3286 coniecturam
381 3221 518 3286 vocavit.
556 3218 666 3286 Sedet
685 3221 904 3306 promptius
925 3220 1126 3305 adverbium,
1146 3219 1208 3284 etsi
1229 3219 1320 3304 ellip-

143 3328 212 3393 tice
237 3350 257 3391 a
281 3325 393 3392 Tacito
425 3327 606 3392 adhibitum
637 3332 776 3393 nonest
805 3364 846 3374 --
873 3327 960 3412 quod
991 3350 1067 3393 casu
1096 3327 1219 3392 factum
1250 3347 1320 3392 csse

143 3419 332 3502 videtur—
342 3438 453 3501 tamen
467 3457 532 3501 non
544 3436 649 3501 minus
665 3458 762 3521 qnam
778 3435 931 3500 adverbia
944 3436 1003 3500 illa
1022 3434 1175 3519 melius,
1194 3456 1321 3498 arnan-

144 3543 229 3608 tius
244 3542 333 3607 valet
349 3544 390 3607 ad
405 3544 539 3609 verbum
554 3543 672 3628 agendi
688 3542 904 3628 supplendum
919 3547 952 3608 et
967 3564 1080 3608 sensus
1095 3541 1229 3627 perinde
1244 3565 1321 3626 qua·

145 3651 224 3716 drat
243 3672 281 3716 ao
300 3649 328 3714 si
346 3651 556 3736 prompsit,
577 3655 619 3715 ut
638 3650 852 3715 scriberemus
871 3648 926 3737 (cf.
941 3649 1137 3743 Doederlin,
1156 3647 1322 3735 Nipperd,

145 3757 248 3824 Orell.
267 3756 377 3822 Halm.
400 3757 469 3823 edd.
493 3762 526 3822 et
548 3757 648 3822 Halm
670 3758 706 3822 in
727 3755 840 3822 Jahrb.
858 3758 881 3824 f.
900 3757 983 3822 Phil.
1000 3756 1062 3821 109
1081 3779 1111 3840 p.
1126 3752 1223 3841 414).

238 3864 287 3930 XI
304 3864 335 3949 9,
358 3863 450 3947 9113:
480 3868 515 3929 ot
536 3863 651 3929 Parthi
679 3863 878 3948 imperotores
906 3885 975 3930 cum
998 3883 1141 3946 pipaum
1166 3867 1324 3946 pararent

143 3973 257 4054 foedus
274 3976 394 4054 repente
410 3971 535 4052 fauori
552 3970 683 4055 copaitis
702 3970 906 4054 popularium
924 3970 1062 4056 insidiis,
1081 3967 1323 4052 quaesituras

144 4077 250 4156 fratri
282 4080 444 4161 polclecit;
476 4078 684 4162 conpressiqua
708 4077 814 4161 primo
847 4082 1037 4156 arcuatur,
1074 4078 1145 4142 doio
1176 4075 1339 4159 complaci-

146 4189 276 4254 denras
298 4186 385 4268 opud
405 4185 525 4250 ultoria
549 4187 639 4251 duum
655 4187 797 4269 pepipcre
818 4186 963 4266 fraudem
991 4183 1191 4249 inimicorum
1214 4181 1323 4248 ulcisci

148 4296 185 4358 et
209 4315 239 4376 q.
258 4314 284 4357 s.
322 4290 473 4356 Walthor
492 4291 571 4358 olim
589 4293 712 4378 recepit
729 4293 763 4357 in
781 4296 908 4358 textum
927 4290 1187 4356 emendationem
1211 4312 1321 4356 cunc-

149 4403 304 4484 tantur,
329 4398 384 4464 sed
408 4399 443 4463 in
462 4401 673 4465 annotatione
696 4398 935 4465 commendavit
953 4398 1072 4463 codicis
1092 4397 1265 4462 lectionem
1288 4397 1323 4461 in

148 4507 238 4571 hunc
279 4507 411 4571 modurn
452 4505 677 4591 explicandam
715 4511 921 4592 postquam
961 4506 1176 4591 congressi
1209 4509 1325 4570 crant
