3242 5284
763 507 981 572 ..10-

288 660 353 750 γὰρ
375 667 489 750 εἰπεῖν,
512 661 557 751 μὴ
577 660 720 750 ὑψαύχει
738 661 880 751 ἀφορῶν
896 667 943 743 είς
956 663 1145 733 Διονύσιον
1162 667 1268 732 τανῦν
1283 659 1459 750 γράμματα

289 770 326 837 ἐν
350 775 515 860 Κορίνθῳ
540 768 760 856 διδάσκοντα,
784 766 821 850 ὃς
843 769 1007 857 πρότερον
1030 769 1214 857 ἐτυράννει.

379 878 654 955 Quintilianus
672 879 756 946 VIII
775 881 812 966 3,
835 881 877 946 82
901 881 995 947 docet
1017 879 1175 946 terminos
1198 879 1376 945 brevitas
1399 878 1458 943 in·

289 989 408 1070 tegra
431 990 464 1052 et
486 986 747 1073 brachylogia
768 1011 835 1052 non
853 1009 987 1073 prorsus
1006 986 1047 1052 ad
1065 987 1152 1052 idem
1170 1009 1241 1052 esse
1258 983 1459 1070 referendos,

289 1092 375 1158 hunc
398 1098 544 1180 spectare
568 1093 609 1158 ad
632 1094 666 1158 id
689 1093 831 1160 breviter
853 1094 979 1160 dicendi
1003 1114 1121 1180 genus,
1145 1115 1211 1179 per
1235 1092 1334 1178 quod
1357 1090 1459 1158 nihil

291 1199 396 1265 dicat
414 1205 561 1286 orator,
579 1201 657 1265 nisi
675 1201 773 1287 quod
792 1223 953 1268 necesse
972 1202 1038 1287 sit,
1064 1203 1177 1266 contra
1194 1199 1253 1265 illo
1280 1198 1459 1285 significari

290 1328 361 1371 eam
384 1307 556 1373 brevitatis
578 1306 733 1393 formam,
763 1330 846 1392 quae
872 1308 982 1394 posita
1010 1309 1055 1373 sit
1080 1307 1116 1372 in
1145 1329 1197 1393 eo,
1226 1306 1313 1391 quod
1342 1305 1461 1390 plura

290 1414 425 1497 paucis
455 1415 763 1499 complectamur.
808 1415 858 1480 Ex
887 1415 969 1501 ipsis
997 1413 1190 1490 Quintiliani
1217 1412 1325 1479 verbis
1354 1413 1461 1478 elucet

289 1520 429 1586 termino
460 1523 665 1606 βραχυλογία
695 1542 797 1608 genus
827 1521 989 1608 quoddam
1023 1519 1238 1586 brevitatis
1272 1520 1460 1605 integrae

290 1627 482 1714 significari,
516 1628 578 1695 hoc
606 1629 710 1713 igitur
736 1629 876 1694 termino
907 1628 1031 1714 aliquid
1059 1626 1346 1712 circumscribitur,
1373 1626 1460 1711 quod

290 1733 390 1800 latius
404 1738 496 1821 patet
515 1758 611 1820 quam
631 1735 678 1821 id,
695 1736 781 1821 quod
794 1735 922 1801 notioni
934 1737 1140 1820 βραχυλογία
1155 1733 1322 1799 subicitur.
1350 1732 1460 1799 Verba

290 1845 382 1906 sunt:
405 1863 442 1906 aa
463 1843 571 1908 meritc
590 1843 739 1909 laudatar
756 1843 886 1908 brevitas
900 1844 1035 1926 totamm
1057 1843 1111 1908 sed
1131 1863 1168 1906 aa
1189 1842 1294 1906 minas
1310 1845 1461 1927 praestat,

290 1950 460 2028 quotieas
477 1949 576 2014 aisa
594 1950 702 2035 dicit,
723 1951 802 2016 nisi
819 1950 920 2029 quoa
935 1969 1081 2014 necesse
1097 1954 1151 2014 est
1168 1943 1460 2034 (βραχυλογίαν

289 2061 413 2141 cocant,
435 2077 513 2139 qaae
534 2057 676 2122 reddatur
692 2058 774 2121 inter
790 2056 971 2140 schemata),
993 2061 1038 2122 est
1058 2076 1126 2121 caro
1143 2054 1367 2140 pulcherrima,
1390 2075 1461 2120 cam

283 2162 400 2244 plara
423 2165 558 2246 poecis
587 2164 851 2246 complectitur.
896 2162 1011 2229 Illam
1038 2162 1142 2247 igitur
1165 2162 1406 2247 consequimur,
1430 2161 1460 2226 si

290 2287 403 2332 eorum
437 2291 520 2353 quae
548 2270 611 2335 dici
643 2273 773 2356 oportet
805 2270 944 2334 maxime
977 2268 1160 2335 neccssaria
1195 2271 1325 2333 tautum
1354 2267 1460 2354 expri-

290 2372 424 2460 mimus,
453 2375 501 2440 ita
531 2376 662 2461 quidem
694 2381 731 2442 ut
760 2399 893 2463 prorsus
922 2376 1006 2442 nihil
1030 2375 1229 2441 extrinsecus
1261 2374 1462 2459 cogitatione

291 2480 366 2545 addi
385 2483 506 2568 possit3
528 2483 639 2569 hanc,
663 2484 691 2548 si
710 2485 965 2550 necessariamm
983 2505 1090 2548 rerum
1105 2482 1245 2547 maxime
1259 2481 1461 2547 necessarias

290 2590 359 2652 tam
382 2586 534 2654 brevibus
558 2589 695 2656 dicimus
725 2589 847 2677 verbis,
876 2595 914 2656 ut
942 2591 1037 2676 plura
1065 2589 1346 2675 subintellegenda
1378 2589 1462 2674 sint,

173 2746 176 2752 ,
291 2697 417 2778 spectat
440 2701 550 2762 autem
573 2697 653 2762 haec
683 2695 828 2763 definitio
859 2696 991 2763 termini
1020 2695 1200 2762 brevitas
1230 2695 1390 2782 integra
1419 2697 1461 2762 ad

291 2821 363 2865 eam
387 2800 514 2868 dicendi
536 2803 689 2890 formam,
712 2826 810 2888 quam
833 2803 920 2870 inira
942 2801 1124 2869 videbimus
1148 2825 1167 2867 a
1190 2801 1376 2902 rhetoribus
1405 2825 1462 2869 vo·

291 2911 397 2972 catam
424 2931 495 2974 esse
519 2913 697 2995 ἔμφασις.
723 2947 760 2957 -
791 2909 1142 2987 Quintilianus'verbis
1166 2908 1262 2974 modo
1286 2909 1462 2996 adscriptis

289 3037 349 3078 nos
373 3017 499 3103 relegat
517 3016 558 3082 ad
578 3020 795 3103 campartem
818 3017 925 3103 operis
948 3016 1013 3102 sui,
1036 3016 1157 3102 quade
1176 3014 1365 3102 schematis,
1386 3039 1463 3102 pro·

289 3121 361 3206 pris
384 3122 423 3187 de
446 3123 660 3209 brachylogia
682 3123 822 3190 scribere
845 3124 925 3190 vult.
970 3118 1125 3210 Legimus
1156 3145 1269 3188 revera
1290 3123 1337 3188 IX
1356 3124 1394 3209 3,
1417 3124 1461 3189 99

290 3232 362 3292 λίαν
384 3229 525 3296 Rutilias
540 3236 666 3314 praeter
688 3253 737 3315 aa,
767 3251 845 3312 quae
872 3232 957 3314 apud
982 3231 1061 3296 alies
1084 3248 1202 3310 qaoque
1222 3235 1296 3294 suat
1331 3230 1462 3315 [figuris

291 3335 403 3401 adicit:
426 3335 465 3402 cf.
484 3339 504 3418 ἓ
524 3337 583 3402 98:
606 3337 707 3403 adicit
728 3337 781 3402 his
806 3335 966 3404 Caecilius
991 3339 1025 3402 et
1035 3359 1065 3423 q.
1077 3338 1130 3418 s.]:
1153 3321 1462 3421 παρομολογίανζ..

289 3445 585 3527 βραχυλογίαν,
621 3439 893 3529 supercresceret,
929 3437 1132 3529 παρρησίαν,
1166 3444 1203 3508 dc
1234 3443 1346 3521 quibas
1380 3443 1464 3508 diem

289 3551 372 3629 dico,
395 3549 429 3614 id
459 3553 510 3616 est
538 3550 742 3615 schemata
770 3551 927 3616 omnino
959 3573 1033 3616 non
1061 3551 1152 3614 sunt
1175 3545 1226 3635 (cf.
1250 3549 1331 3629 §98
1356 3547 1463 3637 extr).

289 3656 341 3722 Ex
364 3656 490 3722 duobus
513 3656 565 3722 his
593 3657 673 3722 locis
696 3657 783 3722 inter
810 3679 845 3723 se
868 3655 1065 3742 comparatis
1095 3655 1200 3721 elucet
1223 3655 1464 3732 Quintilianum

289 3763 397 3830 verbis
411 3766 638 3848 βραχυλογίαν
651 3769 772 3849 caecat,
791 3764 1019 3844 qaaercddetcr
1035 3763 1116 3828 irater
1128 3763 1281 3828 catenata
1295 3767 1464 3848 spectasse

290 3871 332 3936 ad
349 3870 511 3936 Rutilium
530 3870 662 3956 eiusque
682 3871 835 3957 asseclas,
858 3870 979 3956 quippe
997 3869 1053 3954 qui
1071 3868 1195 3954 primus
1212 3869 1464 3955 brachylogiam

290 3978 493 4044 schematum
525 3999 659 4043 numero
687 3977 915 4062 adscripsisset
950 3997 1052 4061 coque
1085 3975 1259 4061 effecisset,
1290 3980 1328 4041 ut
1362 3975 1465 4054 Quin-

289 4085 426 4150 tilianus
450 4107 521 4149 eam
544 4085 629 4150 inter
652 4084 820 4150 schemata
842 4083 975 4149 reddere
998 4081 1143 4167 deberet,
1170 4104 1235 4167 qua
1264 4105 1304 4148 ex
1326 4105 1363 4148 re
1386 4105 1464 4150 con-

290 4191 485 4288 cludendum
513 4195 563 4256 est
595 4191 701 4277 ipsam
728 4190 847 4256 Rutilii
875 4188 1097 4255 definitionem
1119 4210 1191 4253 eam
1218 4188 1334 4275 fuisse,
1362 4213 1465 4276 quam

291 4297 513 4374 Quintilianus
535 4299 707 4384 proposuit
729 4297 837 4374 verbis
860 4297 998 4379 quotieas
1018 4293 1099 4360 aasz
1125 4295 1200 4360 dicit
1222 4291 1375 4384 (orator),
1398 4299 1467 4363 mici

289 4407 372 4485 qaod
391 4425 507 4472 maesse
528 4411 579 4471 cst.
625 4405 787 4470 Rutilium
810 4407 920 4469 autem
939 4400 1113 4486 Georgiam
1133 4400 1367 4468 Atheniensem
1390 4425 1466 4470 esse

290 4516 438 4578 secutum
463 4511 544 4576 satis
570 4514 700 4579 constat
726 4507 780 4598 (cf.
803 4531 903 4595 supra
927 4503 1090 4594 p.8-9).
1134 4506 1375 4585 Quintilianum
1400 4510 1467 4598 igi-
