3222 5278
788 475 1027 540 -108-

318 634 498 720 Nipperdei
522 635 709 721 explicatio,
736 634 930 720 praesertim
956 657 1029 700 cum
1057 633 1157 700 verba
1188 635 1333 699 adversm
1365 634 1486 716 equares

317 744 392 807 adeo
428 747 497 807 tam
523 747 592 808 arte
615 764 688 807 cum
716 740 981 808 antecedentibus
1009 741 1180 807 coniuncta
1207 741 1288 826 sint,
1315 745 1352 805 ut
1379 741 1486 825 legen-

317 849 407 914 tibus
432 850 541 934 nobis,
568 849 633 914 nisi
662 849 837 915 violentius
867 847 1054 933 diutiusque
1077 847 1291 934 haesitamus,
1319 847 1374 913 vix
1409 847 1486 912 satis

318 956 476 1041 temporis
512 957 729 1042 relinquatur,
757 978 821 1041 quo
851 957 984 1021 verbum
1007 978 1027 1020 e
1048 953 1247 1041 Nipperdeio
1272 955 1489 1021 desideratum

319 1063 536 1149 suppleamus.
583 1063 653 1129 Nec
685 1087 723 1129 cx
757 1063 910 1149 analogia
942 1085 1053 1128 eorum
1086 1063 1246 1147 locorum,
1279 1084 1360 1147 quos
1394 1084 1490 1147 supra

319 1170 532 1235 tractavimus
547 1167 591 1256 (p.
607 1168 793 1257 49):H.111
808 1172 865 1257 33,
882 1171 937 1236 10:
954 1171 1085 1252 faecem
1101 1170 1244 1235 emmelim
1258 1173 1291 1235 et
1305 1169 1354 1236 IV
1364 1169 1418 1255 35,
1425 1167 1490 1252 579:

319 1298 410 1342 arma
441 1279 477 1342 ia
508 1279 665 1362 vehiculis,
705 1301 788 1364 quae
822 1278 922 1344 verba
957 1278 1051 1361 quasi
1083 1277 1367 1363 appositionaliter
1405 1279 1490 1341 ante-

319 1384 506 1450 cedentibus
531 1385 684 1450 adiuncta
707 1389 798 1470 sunt,
826 1406 884 1450 nec
907 1406 946 1448 ex
969 1384 1123 1469 analogia
1146 1406 1242 1450 verae
1265 1383 1491 1469 appositionis,

312 1492 426 1575 'qualis
457 1497 547 1558 extet
576 1491 833 1578 H1114,9s10:
869 1492 978 1575 qmlms
1011 1493 1159 1556 adiamta
1187 1489 1343 1575 Liparum
1379 1491 1491 1573 aeas,

318 1598 402 1664 oetas
421 1600 478 1665 loa
501 1601 665 1684 acediam,
683 1605 712 1664 el
728 1600 886 1682 alimenti
904 1598 1073 1684 Poaaomi,
1091 1600 1230 1664 nondam
1247 1599 1302 1664 sal)
1320 1599 1421 1680 Quos
1442 1619 1491 1662 res

318 1709 431 1770 nostro
459 1707 530 1772 loco
554 1707 699 1793 expediri
726 1728 822 1790 posse
850 1705 987 1771 videtur.
1023 1705 1196 1772 Praeterea
1224 1699 1421 1771 monendum
1445 1709 1493 1770 est

319 1833 450 1877 sensum
477 1835 542 1878 non
575 1813 746 1898 quadrare,
783 1813 811 1877 si
850 1812 949 1878 verba
987 1813 1107 1879 codicis
1139 1813 1338 1898 retinentur,
1375 1811 1493 1877 debent

321 1917 407 1982 enim
430 1918 472 1984 ad
494 1919 527 1983 id
546 1921 673 2005 referri,
697 1920 784 2005 quod
803 1920 972 1986 enuntiato
992 1921 1092 2006 finali,
1116 1920 1203 2005 quod
1226 1919 1407 2004 antecedit,
1426 1920 1493 2002 qm'·

322 2025 485 2108 deferrem,
526 2028 732 2112 describitur,
762 2028 889 2112 itaque,
918 2049 991 2092 cum
1022 2030 1186 2112 egerunt
1223 2026 1335 2092 durius
1365 2027 1492 2112 supple

323 2136 422 2219 retur,
440 2155 507 2198 non
526 2135 591 2200 nisi
612 2135 792 2200 facerent
812 2133 961 2220 intellegi
980 2138 1098 2220 potest.
1145 2133 1208 2200 Sed
1231 2133 1323 2198 illine
1346 2132 1490 2198 comitati

323 2243 400 2304 sunt
431 2241 503 2307 ideo
531 2241 711 2327 Neronem,
747 2245 785 2306 ut
813 2237 854 2306 ¹ea
886 2245 1035 2327 agerent,
1067 2241 1185 2327 quibus
1222 2242 1255 2306 in
1287 2239 1487 2327 perficiendis

318 2344 408 2411 Nero
432 2348 676 2413 vulneraretur?
719 2347 812 2414 Nihil
844 2346 1006 2432 reliquum
1032 2348 1125 2413 video
1152 2369 1250 2434 quam
1275 2351 1313 2412 ut
1336 2347 1492 2412 addamus
1601 2361 1602 2378 ¹

279 2545 283 2550 Ι
320 2457 395 2518 ante
420 2454 609 2520 adversus
633 2477 745 2520 vocem
775 2453 916 2540 idque,
945 2455 1158 2541 interpungas
1181 2454 1293 2520 velim:
1317 2474 1492 2536 ..pererra-

319 2559 382 2644 bal,
406 2563 633 2647 comitantibus,
661 2563 715 2644 qm'
809 2561 973 2642 deferrem:
996 2563 1086 2645 idque
1109 2562 1166 2649 (sc.
1189 2583 1284 2649 egere
1308 2561 1361 2626 vel
1386 2564 1494 2626 actum

319 2670 385 2753 est,
408 2668 466 2734 ie.
483 2668 565 2734 illud
586 2670 716 2734 calmem
737 2668 867 2752 inferre)
890 2670 1034 2735 adversas
1056 2671 1181 2753 mauros
1202 2669 1278 2734 adeo
1301 2672 1334 2733 et
1347 2691 1377 2753 q.
1391 2690 1418 2732 e.

411 2774 491 2840 Vice
514 2799 607 2841 versa
636 2775 840 2840 enuntiatum
870 2777 1053 2861 generalius
1081 2780 1260 2861 sequuntur
1287 2775 1496 2860 epexegetice

321 2882 495 2947 enuntiata
517 2883 705 2969 angustiore
729 2905 826 2947 sensu
853 2883 978 2969 posita,
1005 2883 1053 2948 ita
1080 2884 1225 2968 quidem,
1255 2885 1289 2946 nt
1317 2881 1352 2944 in
1378 2880 1431 2945 his
1456 2902 1495 2944 ex

320 2988 379 3052 illo
404 2989 595 3074 suppleatur
624 2990 759 3055 verbum
789 2989 932 3054 finitum:
963 2988 1100 3075 H.Ile,
1130 2992 1164 3055 2:
1193 2995 1222 3054 et
1244 2993 1376 3072 patrum
1404 2988 1496 3069 favor

319 3097 445 3160 aderat:
475 3098 565 3163 malti
586 3098 747 3182 volumtate,
769 3097 897 3176 effusius
920 3098 974 3179 qm'
995 3098 1168 3176 aolroeraul,
1191 3096 1285 3160 medii
1309 3115 1347 3160 aa
1358 3095 1496 3176 plurimi

319 3203 404 3268 obolo
426 3205 582 3286 ammaim
601 3241 645 3251 —
663 3205 716 3288 41,
732 3205 765 3269 7:
788 3209 957 3268 extremam
978 3205 1044 3270 eim
1061 3226 1160 3270 vocem
1177 3254 1200 3268 ..
1216 3204 1302 3268 varie
1313 3201 1496 3283 prodidere:

278 3297 281 3302 ¹
319 3311 378 3374 alii
400 3312 575 3394 amplam
602 3313 815 3394 intermeasse,
842 3311 919 3393 qm'd
940 3311 1018 3376 mali
1039 3313 1213 3394 manasset,
1240 3315 1269 3375 et
1288 3309 1497 3392 permedia

319 3417 499 3482 exsolvendo
521 3419 664 3483 domatioo
692 3420 898 3500 deprecatam:
921 3419 1029 3501 plores
1052 3416 1216 3504 (narrant)
1244 3417 1387 3482 obtulisse
1414 3415 1496 3481 ultro

313 3525 544 3607 permssordm
566 3526 707 3608 imolam
731 3529 763 3590 et
778 3547 808 3609 q.
824 3547 864 3608 s.;
890 3561 935 3574 —
957 3524 997 3590 cf.
1012 3526 1101 3591 locos
1125 3524 1250 3590 similes
1273 3522 1496 3607 An.176,12

83 3689 88 3698 .
192 3657 198 3665 “
320 3653 399 3715 seq.;
422 3668 465 3677 -
489 3633 673 3717 80,4seq.;
697 3669 738 3679 -
763 3632 827 3716 9,8
852 3653 933 3716 seq:
963 3637 997 3696 at
1031 3634 1117 3716 apud
1138 3633 1304 3716 prudentes
1332 3631 1401 3694 oda
1430 3630 1497 3694 eius

319 3739 405 3802 carie
427 3740 625 3804 eatollebatm
644 3739 881 3821 arpaebatame.
898 3739 947 3803 He'
966 3735 1145 3824 (dicebant)
1158 3741 1274 3825 pietate
1290 3758 1364 3820 crya
1376 3757 1495 3820 parea-

320 3850 379 3908 tem
394 3895 418 3910 ..
433 3847 477 3910 ad
506 3868 599 3911 arma
630 3847 734 3910 civilia
770 3849 872 3910 adam
904 3849 938 3910 et
953 3868 983 3930 q.
998 3868 1022 3909 s.
1046 3847 1098 3932 (cf.
1114 3869 1181 3931 cap.
1201 3846 1256 3931 10,
1272 3846 1305 3909 1:
1338 3844 1496 3918 dicebatur

319 3953 460 4035 coatra);
478 3989 522 3998 -
541 3953 581 4018 H.
597 3953 699 4039 1127,
715 3954 731 4016 1
749 3975 829 4037 seq:
848 3951 934 4016 laad
948 3954 1075 4034 palade
1091 3955 1126 4018 id
1142 3954 1293 4018 dammam
1313 3952 1494 4017 Vitellianos

318 4060 354 4122 m
377 4064 489 4123 marem
517 4061 674 4144 commedit.
706 4080 800 4141 qaam
827 4059 870 4122 ad
895 4060 1073 4124 modestiam
1100 4060 1283 4142 commeauit:
1310 4079 1366 4124 nec
1395 4059 1495 4124 solam

319 4167 405 4249 apud
427 4166 590 4232 Caecinam
618 4163 665 4252 (id
694 4166 815 4229 factum
848 4162 926 4251 est),
957 4167 1011 4247 qm'
1042 4167 1164 4250 cumam
1195 4167 1231 4230 m
1262 4166 1395 4230 militem
1425 4186 1494 4230 eou-

316 4272 435 4352 ferebat
447 4323 454 4336 .
465 4322 471 4337 .
527 4272 623 4338 Fabii
640 4293 756 4356 qaoque
772 4271 908 4337 Valentis
926 4273 1275 4354 copiae...reaereatms
1288 4277 1318 4336 el
1330 4273 1496 4354 aequalius

319 4381 390 4444 daei
407 4380 582 4461 parebamm
676 4379 725 4444 IV
742 4381 794 4464 76,
811 4381 825 4442 1
844 4401 923 4463 seq:
954 4379 1040 4462 apud
1066 4377 1238 4444 Garumnae
1265 4380 1397 4444 dicerem
1426 4399 1493 4444 sea·

320 4486 421 4550 tentiis
443 4487 629 4551 certabatur:
654 4485 763 4552 civim
786 4481 938 4572 (censuit)
962 4486 1159 4569 opperiendas
1180 4486 1496 4552 Transrhenanam
