3222 5278
787 369 1007 434 ..88-

312 533 499 600 Jahresber.
518 533 602 598 1875
621 555 652 616 p.
671 531 739 615 38).
794 527 857 594 Sed
890 528 1011 592 collato
1043 527 1116 592 loco
1149 525 1210 591 An.
1228 524 1291 590 XV
1309 524 1344 610 b,
1363 525 1402 588 12
1423 521 1469 610 (cf.

248 634 252 644 '
312 638 491 725 Nipperdei
515 633 772 722 adnotationem)
798 635 1021 700 emendatione
1050 632 1110 698 tali
1133 655 1216 717 opus
1239 654 1304 696 non
1326 635 1384 698 est.
1417 630 1469 697 Ta·

230 751 237 764 “
313 746 397 812 citus
421 745 485 812 duo
511 746 571 813 illa
587 744 751 831 prodigia,
777 765 860 829 quae
882 741 1089 807 continentur
1115 739 1222 805 verbis
1246 741 1471 825 sque-insedit,

314 853 433 938 quibus
455 853 527 938 ipse
549 852 644 916 fidem
668 851 782 935 habet,
805 853 843 914 ut
865 872 900 914 re
923 871 1000 914 vera
1028 847 1117 913 facta
1139 845 1296 912 describit
1323 846 1472 932 simulque

314 960 374 1025 hac
397 959 615 1046 descriptione
637 960 778 1025 latenter
802 956 967 1043 significat
994 955 1093 1021 etiam
1124 955 1165 1019 ab
1188 954 1243 1039 iis,
1271 955 1328 1040 qui
1354 955 1415 1040 ipsi
1441 977 1473 1020 ea

314 1066 484 1153 vidissent,
506 1066 603 1131 fidem
622 1065 769 1130 habitam
789 1085 859 1130 esse
882 1063 950 1128 illis
973 1062 1147 1128 miraculis.
1184 1060 1277 1138 Quod
1300 1061 1403 1128 facere
1425 1084 1473 1148 po-

314 1172 389 1258 tuit,
411 1173 488 1258 quia
512 1195 604 1238 suam
627 1177 661 1238 et
685 1172 777 1256 vulgi
799 1170 889 1236 illius
912 1170 1009 1235 fidem
1031 1170 1118 1235 inter
1139 1191 1175 1234 sc
1194 1170 1377 1235 consentire
1398 1169 1474 1233 haud

314 1279 496 1366 ignorabat.
538 1277 600 1344 Sed
624 1279 680 1344 ubi
703 1279 802 1344 rerba
828 1276 977 1342 facienda
1000 1281 1092 1342 erant
1115 1276 1229 1342 Tacito
1254 1276 1293 1341 de
1316 1275 1476 1362 prodigiis,

316 1409 399 1471 quae
422 1387 540 1472 vulgos
565 1386 695 1471 quidem
719 1384 879 1470 credebat,
902 1384 959 1450 sed
981 1384 1051 1470 ipse
1069 1406 1136 1450 non
1155 1383 1315 1470 credebat,
1337 1405 1401 1449 non
1419 1383 1474 1448 iam

316 1493 457 1559 latenter
481 1493 571 1579 vulgi
599 1493 696 1559 fidem
725 1491 872 1557 oratione
900 1496 989 1556 recta
1016 1490 1165 1556 adhibita
1192 1491 1370 1576 depingere
1398 1491 1425 1556 ei
1444 1490 1475 1554 li-

316 1599 393 1686 cuit,
415 1600 472 1666 sed
495 1599 643 1666 oratione
666 1600 800 1684 obliqua
822 1598 871 1662 uti
895 1596 1017 1684 debuit,
1040 1621 1105 1683 qua
1128 1597 1221 1683 quasi
1238 1597 1274 1664 in
1292 1597 1477 1664 sententiam

317 1707 467 1774 credulae
490 1706 710 1773 multitudinis
732 1705 964 1772 induceremur.

407 1813 596 1900 Nipperdey
619 1818 789 1899 praeterea
811 1812 991 1878 orationem
1011 1811 1177 1896 obliquam
1194 1815 1308 1877 nostro
1331 1813 1402 1878 loco
1418 1812 1477 1878 fieri

317 1942 384 1985 non
407 1942 504 2006 posse
529 1920 709 2007 contendit,
732 1919 809 2006 quia
831 1941 982 2006 persona,
1004 1919 1044 1984 de
1067 1917 1158 1984 cuius
1185 1919 1293 1984 verbis
1324 1920 1379 1986 vel
1405 1921 1477 2005 cogi-

207 2042 211 2049 ·
317 2027 499 2096 tationibus
530 2032 695 2113 ageretur,
728 2027 762 2092 in
792 2025 1057 2092 antecedentibus
1088 2029 1270 2091 memorata
1300 2049 1368 2092 non
1398 2032 1476 2092 essct

318 2133 465 2200 Minime!
510 2125 655 2199 Persona
677 2133 764 2198 enim
788 2154 902 2220 agens,
924 2137 962 2198 ut
983 2133 1033 2198 ita
1055 2131 1177 2218 dicam,
1200 2133 1281 2198 setis
1305 2134 1473 2220 significata

319 2245 370 2306 est
401 2247 435 2307 et
467 2241 567 2307 verbo
597 2240 796 2326 cognitum
830 2244 891 2306 est
920 2245 954 2306 et
982 2241 1083 2306 verbo
1111 2241 1409 2309 numerabatur:
1439 2246 1476 2307 est

319 2352 429 2414 autem
452 2349 583 2436 vulgus:
607 2348 644 2414 cf.
660 2346 724 2412 ΧΠ
738 2346 895 2434 5,5etq.
910 2369 935 2413 s.

388 2609 422 2664 0.
445 2608 599 2664 Verbum
608 2619 732 2676 regens
746 2605 920 2663 enuntiati
928 2605 1086 2676 primarii
1098 2607 1239 2676 proprie
1253 2609 1299 2664 ed
1314 2609 1425 2666 obiec-

387 2709 464 2762 tum
478 2706 623 2776 aliquod
635 2705 802 2775 pertinet3
816 2705 936 2775 itaque
949 2718 1021 2760 non
1034 2704 1150 2774 ipsum
1163 2707 1209 2761 ad
1222 2711 1426 2776 sequentem

389 2804 581 2860 orationem
609 2803 787 2874 obliquam
818 2803 944 2859 referri
975 2806 1107 2872 potest,
1137 2817 1208 2873 qua
1239 2817 1294 2872 ea,
1337 2819 1425 2876 quae

388 2902 569 2959 enuntiato
583 2901 749 2972 primario
763 2902 879 2958 verbis
893 2901 1156 2972 sententiisque·
1167 2903 1328 2959 absoluto
1348 2917 1424 2960 con·

389 3001 558 3068 amentur,
575 3001 772 3056 accuratius
791 2999 1021 3070 explicantur.
1053 3000 1264 3072 Plerumque
1277 3004 1425 3059 verbum

390 3112 513 3168 regens
547 3102 601 3155 eat
629 3099 776 3155 verbum
805 3099 944 3155 dicendi
971 3098 1028 3154 vel
1055 3098 1244 3168 sentiendi,
1272 3115 1345 3170 quo
1372 3115 1426 3158 res

695 3210 902 3267 magnopere
925 3196 1119 3268 expeditur.

412 3311 649 3398 Dial.30,14:
683 3349 727 3360 —
753 3334 828 3378 suae
858 3313 1045 3396 aliquantae
1080 3314 1161 3378 celui
1191 3316 1350 3398 paredam
1388 3317 1482 3381 educa

323 3422 436 3486 tenuem
458 3420 551 3500 refert
575 3415 637 3506 (sic
650 3440 730 3485 corr.
749 3420 806 3506 B):
837 3441 870 3486 se
896 3421 981 3504 apred
1004 3420 1038 3502 Q.
1052 3421 1196 3486 Mucium
1224 3423 1273 3487 ica
1300 3425 1388 3488 civile
1412 3423 1482 3488 didi

323 3529 398 3593 cisse
430 3530 463 3591 et
486 3517 515 3611 q.
535 3548 575 3612 s.;
604 3563 644 3572 —
675 3525 716 3592 Η.
735 3525 751 3591 I
772 3527 831 3613 50,
854 3528 895 3592 10
914 3549 994 3612 seq:
1034 3529 1208 3592 vastitatem
1241 3529 1483 3596 laliamou

317 3634 516 3719 publicarum
545 3633 680 3698 ebatum
707 3635 836 3699 nomiae
865 3634 1080 3716 chcebcatar:
1105 3656 1202 3719 prope
1230 3657 1365 3702 eneruem
1395 3637 1483 3702 orbem

325 3746 358 3806 et
379 3765 408 3826 q.
428 3763 467 3827 s.;
494 3777 536 3788 -
566 3739 751 3827 1116,13:
788 3741 919 3806 tobomm
955 3741 1115 3806 insolitam
1145 3745 1251 3825 perosi
1280 3744 1483 3826 infirmitatem

323 3868 414 3913 mom
448 3847 648 3930 reputabant:
682 3848 819 3912 inactum
852 3868 914 3913 csse
946 3869 1040 3931 qaum
1074 3850 1238 3915 incolerent
1264 3855 1307 3916 'et
1326 3874 1356 3935 q.
1376 3873 1414 3936 s.;
1448 3884 1483 3895 -

237 3993 240 3998 -
324 3953 370 4019 IV
388 3953 444 4038 85,
464 3953 499 4018 8:
532 3955 585 4019 sed
614 3954 796 4039 Mucianus,
822 3957 904 4037 quod
929 3956 984 4020 diu
1011 3956 1223 4043 occultaverat,
1255 3962 1291 4021 ut
1316 3979 1418 4024 recem
1443 3976 1483 4021 cc·

319 4062 487 4145 procqisit:
510 4061 657 4143 quoniam
679 4062 863 4145 beacpaitatc
885 4064 975 4127 deum
995 4062 1114 4143 fractae
1136 4062 1269 4129 melium
1287 4065 1367 4129 eires
1386 4063 1485 4144 forent,

318 4189 438 4251 porcean
466 4169 567 4233 decore
595 4167 815 4233 Domitianam
844 4169 975 4250 consecto
998 4190 1095 4253 prope
1123 4170 1198 4236 ceca
1233 4171 1353 4236 atienae
1378 4171 1484 4253 picride

326 4277 585 4352 ilementorum
601 4311 645 4320 -
661 4274 741 4361 Va,
758 4276 812 4342 18:
841 4276 953 4342 Iudaei
979 4260 1077 4342 aaa
1102 4277 1169 4342 soto
1196 4299 1351 4361 uocemque
1382 4297 1484 4342 acmen

327 4382 519 4466 iutellepcat:
541 4383 694 4466 profanos
722 4382 776 4468 qai
802 4384 892 4450 daim
915 4385 1064 4468 imopiaas
1090 4385 1270 4454 ereatura
1297 4384 1433 4451 materiis
1455 4383 1484 4446 ic
