3242 5284
609 541 651 552 ....
697 505 827 570 33⁸..

134 663 306 728 terminum
331 663 370 729 ad
395 665 659 748 synecdochicam
682 667 774 731 illam
797 666 968 732 brevitatis
992 668 1132 752 speciem
1157 669 1301 733 rettulis-
1374 653 1380 664 ⁵

135 777 222 856 sent,
245 794 341 856 quam
365 771 422 856 iis,
444 772 501 856 qui
524 793 591 836 rem
621 795 658 837 eo
688 773 906 858 significatam
937 773 1026 840 vitiis
1058 775 1214 840 orationis
1245 775 1300 840 ad-

135 878 335 963 signassent,
354 901 436 963 quae
454 901 528 944 eum
547 878 595 944 ita
613 880 679 946 sint
693 901 804 945 vocem
823 880 921 946 hanc
938 904 1042 967 neque
1061 882 1102 947 ad
1115 883 1216 947 verba
1233 903 1302 947 curu

134 984 168 1050 id
183 987 218 1050 iu
236 991 376 1052 mutuatu
402 987 551 1051 samonis
578 987 660 1067 quod
686 991 801 1052 tocctm
822 988 990 1071 accipimus
1017 1012 1121 1074 neque
1150 989 1191 1054 ad
1218 990 1301 1055 illud

133 1093 254 1156 cacum
276 1092 533 1160 annuissetis
555 1091 700 1177 iutellcpi,
724 1093 779 1159 sed
804 1096 844 1161 ad
867 1094 972 1178 ipsam
995 1116 1106 1162 vocem
1130 1096 1302 1183 ellipsis,

133 1198 165 1262 id
198 1199 287 1284 quod
320 1201 419 1286 longe
453 1201 636 1284 proximum
671 1204 737 1285 est,
771 1201 949 1266 referimus.
1000 1201 1168 1268 Habemus
1199 1204 1302 1288 igitur

134 1307 217 1390 apud
238 1307 475 1383 Quintilianum
494 1308 585 1388 illam
604 1307 756 1392 ellipseos
776 1307 1010 1394 definitionem,
1029 1333 1094 1394 qua
1111 1332 1176 1374 non
1195 1311 1301 1375 solum

133 1417 250 1478 natura
272 1415 355 1501 eius,
383 1414 439 1480 sed
467 1416 566 1480 etiam
589 1414 683 1500 quasi
707 1415 849 1480 ambitus
873 1414 1155 1502 circumscribitur,
1178 1417 1302 1483 scilicet

135 1542 216 1606 eam,
247 1544 312 1606 qua
339 1522 490 1587 docemur
513 1521 666 1606 ellipseos
694 1545 751 1606 pro
781 1521 997 1607 synecdoches
1020 1522 1146 1588 ratione
1168 1524 1202 1589 id
1230 1545 1324 1588 esse¹

135 1629 313 1714 proprium,
342 1632 380 1693 nt
409 1629 491 1694 nihil
524 1629 708 1714 omittetur,
741 1628 806 1694 nisi
841 1628 926 1715 quod
959 1629 1100 1694 latenter
1133 1629 1300 1694 indicetur.

139 1733 232 1800 Cuius
251 1736 299 1800 rei
319 1737 412 1821 quasi
427 1737 568 1819 vestigia
588 1736 706 1801 leniter
723 1757 836 1820 pressa
854 1757 953 1820 supra
971 1735 1037 1800 iam
1055 1736 1195 1801 vidimus
1215 1737 1300 1822 apud

143 1839 287 1925 Aquilam
311 1842 493 1908 Romanum
521 1840 615 1929 (etp
644 1840 715 1930 29),
737 1863 841 1926 neque
869 1843 1011 1908 alienum
1037 1847 1100 1927 est,
1123 1843 1301 1908 Phoeham·

141 1949 238 2013 monis
256 1949 356 2015 verba
374 1973 456 2036 quae
475 1951 628 2037 leguntur
646 1972 695 2034 ap.
711 1949 806 2012 Walc
834 1947 915 2013 VIII
934 1973 965 2033 p.
983 1949 1062 2035 498,
1082 1948 1233 2035 Spengel.
1251 1950 1300 2015 III

136 2077 164 2137 p.
180 2056 238 2141 46,
262 2057 281 2122 l
305 2056 368 2122 huc
387 2057 519 2122 referre:
539 2059 683 2134 ἔλλειψις
702 2055 741 2120 de'
758 2054 826 2120 ἐστι
845 2052 1042 2137 παράλειψις
1063 2055 1180 2136 λέξεως
1202 2081 1301 2123 νοου-

111 2158 232 2245 -μένης
252 2162 287 2228 ἐκ
306 2165 364 2247 τῆς
382 2159 620 2248 supponimur,
643 2157 687 2239 ὡς
710 2163 767 2227 ἵνα
786 2165 930 2246 εἴπωμεν
953 2156 1076 2248 „adeda
1095 2160 1222 2247 Κύριος
1239 2164 1301 2229 τοῦ

133 2264 337 2353 πράγματος,
365 2265 465 2347 αὐτὸς
493 2264 511 2334 ὁ
535 2273 665 2335 πείθων
692 2263 771 2346 τοὺς
793 2263 931 2352 ἄλλους,
955 2263 1054 2346 αὐτὸς
1077 2263 1300 2336 ὁκελεύωνιι·

132 2375 386 2459 παραλέλειπται
408 2372 473 2461 γὰρ
497 2376 533 2442 ἐν
556 2373 687 2453 τούτοις
708 2371 747 2441 τὸ
770 2375 888 2462 „iecit

219 2483 327 2559 Quare
356 2483 490 2550 videsa
520 2483 684 2550 veteribus
714 2483 792 2548 tria
823 2483 1014 2569 ellipseos
1052 2505 1194 2569 genera
1230 2507 1300 2550 esse

132 2587 300 2676 distincte,
324 2596 400 2656 sunt
422 2596 547 2656 autem:
1097 2673 1103 2685 Ι

222 2697 251 2762 1.
276 2698 433 2784 ellipsis
463 2698 535 2762 illa
566 2697 610 2762 ad
640 2719 774 2763 vocum
800 2697 946 2763 formas
976 2698 1192 2783 pertinens,
1227 2719 1302 2782 qua

131 2802 394 2889 significatur
435 2804 611 2870 defectus
654 2805 833 2889 syllabae
876 2806 936 2869 vel
983 2805 1096 2869 unius
1141 2805 1301 2870 litterae

130 2910 245 2976 unius
282 2913 388 2978 vocis
425 2912 624 2997 proprius:
661 2912 812 2996 species
850 2914 913 2976 est
948 2910 1199 2997 barbarismi,
1236 2912 1302 2996 qui

131 3015 291 3106 dicitur,
314 3020 335 3086 i.
358 3042 384 3084 e.
407 3018 556 3084 vitium.
1255 3021 1259 3024 ’

221 3129 252 3192 2.
278 3126 434 3210 ellipsis
458 3125 529 3190 illa
552 3148 572 3190 a
594 3125 871 3211 grammaticis
894 3124 1196 3210 rhetoribusque
1220 3130 1300 3190 tro·

129 3261 200 3323 pos
246 3233 523 3320 grammaticos
563 3233 834 3322 tractantibus
873 3232 1187 3318 circumscripta,
1229 3255 1302 3317 qua

130 3341 377 3430 syntecticus
401 3343 439 3404 et
462 3362 482 3404 a
504 3340 613 3404 iusto
637 3339 791 3404 dicendi
818 3361 887 3403 usu
919 3342 1093 3404 remotus
1122 3338 1301 3405 defectus

130 3447 482 3537 praepositionum
528 3446 803 3511 adverbiorum
848 3445 1055 3528 nominum,
1094 3446 1301 3511 verborum

128 3553 488 3642 comprehenditur:
519 3553 671 3638 species
703 3557 762 3618 est
785 3552 1023 3638 soloecismi,
1052 3552 1073 3618 i.
1104 3575 1128 3617 e.
1152 3551 1302 3617 vitium.

224 3664 253 3728 3.
277 3661 432 3745 ellipsis
455 3659 526 3724 illa
549 3659 766 3746 rhetorica,
797 3682 870 3748 qua
898 3658 936 3723 id
963 3659 1302 3743 breviloquentiae

130 3777 255 3858 genus
279 3767 446 3852 amplexi
474 3770 577 3854 sunt,
605 3789 677 3852 quo
705 3767 890 3832 notiones
915 3765 1094 3850 singulae
1118 3765 1302 3850 pluresve

130 3902 204 3944 non
226 3874 511 3943 subtrahuntur
529 3873 606 3938 nisi
626 3873 725 3938 satis
744 3873 890 3958 reliqui
910 3872 1097 3938 sermonis
1117 3876 1302 3937 contextu

129 3986 370 4067 indicantur,
394 3980 543 4067 species
562 3985 624 4046 est
647 3981 924 4065 synecdoches,
944 4001 1039 4063 quae
1063 4001 1082 4043 a
1100 3979 1302 4043 nonnullis

25 4081 28 4108 ⁵
131 4093 238 4158 inter
263 4090 362 4156 vitia
386 4087 593 4173 orationis,
618 4109 637 4152 a
660 4086 908 4163 Quintiliano
932 4086 1034 4150 inter
1056 4084 1213 4170 figuras
1236 4084 1302 4150 ha·

285 4221 309 4262 r.

130 4200 203 4265 bob
213 4202 329 4370 aldricus
357 4301 498 4387 ineptius
532 4323 628 4386 quam
656 4299 802 4386 plerique
833 4302 979 4364 veterum
1013 4297 1218 4385 grammatici
1253 4320 1302 4363 re-

132 4413 294 4478 centiores
322 4411 362 4476 de
390 4408 499 4493 ellipsi
526 4408 717 4472 iudicarunt.
762 4407 845 4471 Prae
872 4407 987 4471 ceteris
1016 4406 1218 4470 denotandus
1254 4410 1304 4470 est

134 4517 334 4602 Sanctius,
364 4517 454 4582 cuius
482 4518 656 4601 praecepta
687 4513 933 4599 perversissima
961 4535 1064 4598 usque
1092 4513 1126 4577 in
1156 4517 1304 4578 nostrum

188 4641 302 4694 Glemm,
316 4640 344 4680 de
358 4639 542 4688 breviloquentia
557 4638 657 4677 Tacitae.
1075 4623 1090 4670 3
