3204 5284
551 453 838 526 .-109-

118 617 240 696 pentes,
270 632 404 694 oscorum
427 615 539 676 terrore
559 612 677 692 fractae
692 614 805 696 populi
827 614 965 680 Ronsam
991 615 1071 681 circs
1094 622 1300 699 opterercntur

121 725 160 786 et
175 743 207 806 q.
222 742 261 805 s.;
281 718 378 784 Tutor
395 721 585 784 cunctatim
607 741 733 786 crescere
754 742 819 786 reru
833 721 1010 787 Romanam
1035 725 1223 808 adfirmabat
1245 722 1299 812 (cf.

121 829 235 893 locum
253 828 348 912 plene
367 825 605 892 conformatum
618 826 761 914 Aulus,
776 828 1299 919 7-·1οειΗ.1ῑ162,4-9);-ν

119 935 167 1000 H.
180 933 220 1001 V.
238 935 288 1020 16,
302 934 324 999 5
340 956 419 1018 seq.:
442 931 609 1000 catenatio
632 936 743 1000 ducum
766 957 828 1000 non
850 957 934 1002 more
956 938 1105 1003 contionis
1126 940 1212 1022 opnud
1227 942 1298 1004 uni-

118 1063 234 1126 uersos,
252 1043 306 1107 sed
321 1047 357 1106 ut
373 1061 503 1124 quosque
520 1061 647 1106 ntorum
665 1042 903 1108 advehebantur:
923 1043 1053 1110 Cerialis
1068 1042 1298 1134 (memorabat)
1411 1070 1418 1083 ·

119 1154 252 1214 nemun
276 1148 413 1214 Romani
439 1149 576 1214 nominis
595 1149 745 1234 pluriam,
772 1153 918 1233 antiquas
945 1158 1131 1236 renatoque
1156 1155 1300 1220 uocatos

121 1261 157 1321 et
172 1280 204 1342 q.
218 1278 244 1322 s.
259 1253 312 1344 (cf
326 1279 394 1342 cap.
410 1257 460 1340 17,
477 1257 509 1320 l:
531 1277 585 1320 nec
608 1253 717 1322 Oiuilis
738 1258 832 1323 silens
855 1263 888 1324 et
902 1281 932 1343 q.
947 1256 996 1345 s).

217 1363 342 1440 Quibus
366 1362 446 1428 loeis
475 1363 671 1448 comparatis
698 1386 795 1430 nemo
825 1365 1003 1452 dubitabit,
1033 1367 1111 1451 quin
1141 1367 1204 1432 huc
1231 1372 1297 1433 tra-

121 1472 253 1537 hendus
278 1471 322 1536 sit
344 1471 434 1536 locus
448 1468 490 1537 H.
504 1469 534 1534 V
550 1471 580 1556 2,
593 1470 615 1535 5
629 1492 711 1555 seq.:
743 1478 956 1556 orpurnenturn
978 1494 994 1538 e
1015 1475 1138 1538 minine
1163 1476 1298 1558 petitur:

122 1581 276 1644 inclutum
303 1579 338 1642 in
361 1574 607 1642 Orata-montem
638 1575 796 1665 (dicunt),
824 1581 942 1646 accolas
956 1630 981 1644 ..
995 1580 1128 1646 Iudaeos
1153 1583 1297 1658 vocitari·

125 1687 253 1768 qudam
270 1689 418 1768 aequante
440 1684 526 1750 Iside
543 1686 749 1751 emendantem
762 1709 821 1770 per
840 1690 1011 1771 Aepyptum
1029 1689 1297 1755 multitudinem..

124 1794 286 1875 mammos
304 1793 339 1857 in
358 1797 456 1856 moras
475 1796 687 1868 scommatum
699 1795 839 1876 plcriqsu
852 1795 1037 1879 Aethiopum
1044 1797 1173 1880 prolem,
1191 1817 1265 1879 quos
1276 1847 1298 1862 ..

131 1905 223 1965 niens
244 1905 335 1982 atoue
356 1900 462 1964 odium
484 1903 605 1964 mutare
626 1901 708 1966 sedon
724 1901 903 1983 pepulerit.
947 1901 1045 1968 Haud
1068 1925 1141 1968 raro
1165 1902 1298 1968 Tacitus

128 2007 162 2072 in
195 2005 373 2073 enuntiatis
412 2004 643 2090 comparativis
673 2029 693 2071 a
725 2006 875 2075 formulis
918 2031 989 2074 nec
1022 2010 1128 2075 aliud
1165 2033 1298 2096 quam,

125 2115 216 2199 quid
258 2114 364 2180 aliud
405 2136 538 2198 quam,
577 2135 699 2198 nsque
747 2114 856 2180 aliud
900 2115 1001 2201 nisi,
1052 2116 1143 2200 quid
1190 2117 1297 2182 aliud

122 2221 218 2306 nisi,
261 2244 329 2287 nec
368 2221 535 2305 amplius
577 2217 866 2306 quam'vsrbum
899 2224 1043 2310 generali
1075 2245 1172 2288 sensu
1205 2246 1296 2309 prae-

122 2329 229 2394 ditum
253 2328 387 2413 reliquit
409 2328 503 2393 nobis
527 2328 742 2414 supplendum
766 2352 805 2394 ex
824 2331 969 2395 membro
988 2330 1126 2396 relativo
1145 2331 1181 2395 in
1198 2353 1297 2396 mem-

120 2436 221 2500 brum
249 2434 456 2520 primarium:
479 2435 541 2500 An.
555 2434 631 2521 XV,
656 2437 711 2522 13,
735 2437 771 2502 5:
801 2458 855 2502 neo
877 2439 966 2502 aliud
989 2434 1173 2524 (agebant),
1203 2459 1297 2520 quam

119 2544 319 2608 munimenta
330 2543 571 2626 propmpnnbant
584 2542 622 2608 cf.
637 2544 786 2630 exempla
799 2544 833 2608 in
848 2545 951 2610 lexico
966 2544 1098 2610 Tacitae
1119 2567 1138 2609 a
1154 2544 1296 2610 Gerbero

121 2653 158 2714 et
186 2649 313 2715 Greefio
337 2673 367 2735 p.
382 2649 424 2714 66
439 2653 472 2714 et
490 2649 531 2714 75
556 2650 797 2716 accuratissime
821 2652 966 2718 collecta.
1008 2652 1192 2717 Dictionsm
1221 2673 1297 2716 non

121 2758 366 2841 ultraquam
388 2756 584 2842 deprehendi
606 2755 833 2845 brachylogics
857 2758 1052 2826 adhibitam:
1076 2758 1218 2845 H.1191,
1241 2759 1296 2824 13:

121 2869 292 2929 commeatus
308 2866 413 2946 pinno
434 2864 583 2948 Vitellius,
605 2885 668 2928 uon
691 2869 793 2930 tomen
815 2867 900 2930 ultra
918 2864 1022 2953 (fecit)
1046 2887 1140 2948 quam
1160 2867 1297 2931 tmbuuos

114 2973 219 3056 plebis
240 2973 277 3036 in
299 2972 455 3038 ancilium
476 2975 594 3053 spretm
609 2974 771 3054 potestatis
793 2975 959 3038 aduocauit.

423 3178 458 3242 bl
481 3178 523 3232 de
547 3175 739 3233 enuntiatis
762 3179 997 3236 secundariis:

215 3293 249 3382 u)
273 3294 406 3360 verbum
430 3294 558 3358 finitum
582 3293 766 3380 generalius
790 3317 829 3359 ex
853 3296 1015 3361 enuntiati
1038 3295 1187 3382 primarii
1206 3317 1295 3380 praa

124 3403 233 3467 dicato
265 3401 417 3467 sumitur:
448 3399 668 3487 H.189,11:
703 3406 768 3465 turn
797 3403 928 3485 lapiones
962 3404 1128 3484 classesque
1156 3407 1185 3466 ct
1218 3402 1298 3483 quod

122 3531 199 3575 raro
227 3510 309 3575 alias
336 3509 556 3591 praetorianus
583 3509 779 3590 urbanusque
805 3511 950 3576 milesia
973 3511 1070 3574 aciem
1092 3510 1211 3574 deducti
1218 3529 1228 3585 ;
1253 3544 1296 3554 —

125 3619 188 3683 Am
202 3615 280 3681 XVI
299 3616 349 3700 19,
368 3616 423 3680 10:
446 3636 484 3680 ne
506 3616 655 3681 codicillis
676 3617 811 3699 muna,
834 3618 915 3698 quod
930 3617 1070 3699 plamone
1090 3616 1296 3699 pereuntium,

124 3724 279 3788 Neronem
302 3728 359 3788 aut
383 3721 568 3806 Trpelliuuun
590 3729 646 3787 aut
667 3744 755 3805 quem
777 3724 878 3787 alinum
896 3723 1065 3804 potentium
1088 3723 1234 3787 adulatus
1252 3727 1297 3786 ou

123 3828 180 3918 (cf.
202 3812 325 3916 Haase,
356 3831 559 3912 Vorlesuupen
588 3831 661 3894 iiber
691 3830 744 3894 lot.
767 3827 1130 3913 Spuaclcuissensclostl
1153 3851 1184 3913 p.
1205 3825 1295 3913 208).

123 4008 129 4016 ,
215 3938 313 4004 Haud
328 3959 401 4002 raro
421 3937 574 4002 similiter
592 3938 727 4002 verbum
746 3937 875 4002 finitum
890 3935 1053 4000 omittitur
1066 3935 1101 4000 in
1116 3934 1294 4000 subiunctis

123 4045 304 4112 enuntiatis
329 4043 573 4130 comparativis,
597 4066 679 4129 quae
703 4044 885 4128 composita
909 4046 987 4107 sunt
1010 4065 1047 4106 ex
1072 4042 1294 4127 comparativo

124 4152 357 4218 adverbialiter
371 4151 489 4237 posito,
503 4173 599 4235 quem
619 4151 767 4236 sequitur
784 4149 946 4234 particula
961 4171 1082 4234 quam,
1102 4152 1135 4213 et
1153 4148 1294 4214 dictione

123 4259 407 4346 praepositionali‚
430 4280 513 4342 quae
528 4258 764 4343 quodammodo
784 4261 872 4322 reeta
896 4261 946 4321 est
966 4255 1063 4320 verbo
1082 4255 1176 4320 finito
1196 4277 1294 4320 enun-

123 4367 200 4431 tiati
232 4366 393 4452 primarii:
429 4364 505 4429 Η.Ι
529 4365 585 4450 22,
609 4365 644 4428 2:
675 4368 703 4428 el
735 4365 839 4427 intimi
872 4363 1047 4428 libertanum
1074 4383 1294 4445 sucorumque,

122 4475 295 4556 corruptius
333 4493 428 4556 qulam
463 4473 502 4536 iu
536 4473 664 4554 priuata
699 4472 787 4536 domo
820 4467 905 4557 (fieri
938 4467 1063 4557 debuit)
1101 4469 1213 4546 taum
1257 4507 1290 4516 —
