3204 5284
762 461 1004 528 -138-

299 625 397 691 bant
425 623 576 709 Frustra,
593 647 669 689 nam
689 623 757 690 sive
775 623 884 689 nando
901 622 1058 689 facillime
1076 619 1123 708 (1)
1141 622 1210 688 sive
1228 622 1304 687 navi
1322 620 1470 686 vehendo

296 753 425 799 summa
443 754 543 818 opera
560 731 681 796 flumen
703 730 917 816 transmittis,
938 729 1059 814 ubique
1081 728 1259 814 perlaberis
1282 750 1409 812 aquam.
1428 760 1470 772 -

296 839 339 905 ib.
359 839 415 926 83,
435 839 540 905 6-8:
571 840 698 904 classem
720 859 736 903 e
758 837 857 903 Pautc
889 837 1083 922 Byzantium
1109 838 1196 920 adipi
1226 838 1371 919 iusserat,
1402 853 1470 897 am-

295 946 405 1029 lripuus
431 946 570 1032 couailii,
606 967 684 1010 uum
715 947 829 1011 amiam
858 945 981 1010 Maesia
1005 943 1218 1028 Dyrraclrium
1248 943 1351 1024 pedite
1380 945 1472 1022 atque

295 1055 406 1139 equite,
434 1051 530 1118 simul
553 1054 652 1136 lorrpis
674 1053 805 1118 uambae
826 1073 948 1118 ausum
978 1054 1012 1117 iu
1035 1053 1167 1116 Italiam
1196 1070 1283 1114 mare
1309 1049 1471 1114 clauderet.

296 1160 457 1246 Heraeus,
490 1159 587 1226 Peter
615 1155 678 1246 (ed.
700 1159 778 1245 Agr.
797 1183 828 1244 p.
849 1157 961 1246 53J54)
992 1159 1158 1224 notionem
1197 1155 1399 1222 obtinendi
1431 1177 1470 1220 ex

296 1267 395 1333 verbo
430 1267 630 1334 clauderet
660 1267 875 1352 supplendam
901 1289 973 1332 esse
1001 1267 1125 1332 docent
1171 1263 1235 1330 Sed
1270 1263 1327 1348 qui
1355 1261 1471 1327 urbem

296 1372 423 1440 obtinet
441 1397 512 1440 eam
533 1375 654 1440 claudit
673 1371 722 1460 (ι,-
741 1371 929 1461 absperren)
954 1374 994 1440 ab
1013 1373 1124 1459 hoste,
1147 1376 1180 1438 et
1199 1372 1268 1436 vice
1285 1391 1390 1455 versa,
1414 1367 1470 1452 qui

296 1480 410 1546 urbem
432 1481 557 1547 claudit
579 1482 620 1547 ab
644 1482 749 1568 hoste,
771 1503 841 1547 earn
867 1481 1002 1546 obtinet
1039 1478 1169 1546 (lollato
1192 1479 1265 1545 loco
1283 1475 1361 1542 XIV
1372 1476 1470 1560 25‚1:

295 1593 330 1653 at
344 1590 540 1672 praesidium
558 1589 696 1672 Leperda
718 1585 801 1675 (cod.
814 1589 939 1673 inepte:
962 1588 1096 1673 1090101),
1119 1588 1200 1670 quad
1218 1587 1308 1667 ferae
1330 1585 1470 1648 iuuentus

294 1695 446 1761 clauserat
477 1694 510 1783 (i.
528 1719 555 1762 e.
569 1693 767 1782 obtinebat),
797 1716 861 1760 uou
896 1697 963 1761 siue
989 1696 1153 1760 mmmiue
1181 1696 1389 1776 0000900100
1427 1696 1471 1756 eat
1513 1707 1522 1726 ·

295 1823 430 1888 zeugma
452 1803 534 1868 illud
557 1824 757 1888 respuamus.
781 1839 821 1850 ν
846 1803 897 1867 III
912 1803 969 1887 42,
984 1800 1050 1886 bil:
1076 1801 1197 1866 Fabius
1226 1800 1338 1866 Valms
1360 1819 1376 1862 e
1397 1798 1469 1862 siau

295 1908 414 1974 Piacmc
448 1913 579 1994 sepuitia
614 1912 714 1976 uraris
749 1914 804 1974 aut
839 1911 1018 1974 aduersante
1053 1913 1138 1973 oeuto
1168 1913 1296 1991 parmam
1323 1905 1467 1970 Herculia

295 2015 437 2082 Monoeci
458 2017 626 2102 depellitur.
672 2015 881 2101 Doederlein,
910 2015 1058 2082 Heraeus
1082 2016 1122 2080 ab
1157 2015 1373 2100 depellitur
1402 2035 1463 2076 mu·

294 2126 430 2188 tuantur
462 2125 652 2210 defertur,
684 2124 771 2209 quod
803 2124 910 2188 solum
943 2123 984 2188 ad
1016 2122 1191 2209 segnitiam
1223 2121 1323 2187 maris
1356 2118 1457 2185 referri

294 2230 408 2315 possit.
456 2229 520 2298 Sed
550 2233 623 2318 quis
651 2253 794 2317 unquam
822 2231 984 2308 audiuerit
1014 2252 1131 2295 navem
1160 2230 1304 2315 aliquam
1332 2225 1457 2292 malacia
1589 2265 1590 2268 =

295 2341 432 2424 motam,
463 2339 483 2404 i.
498 2363 524 2404 e.
539 2339 681 2405 delatam
711 2359 782 2403 esse
806 2337 1018 2423 importum?
1063 2336 1177 2402 Potius
1206 2336 1354 2420 depelli
1387 2332 1461 2398 illud

294 2444 496 2512 efficiebatur
524 2451 557 2512 et
587 2445 724 2512 malacia
754 2449 787 2509 et
816 2445 922 2510 ventis
954 2444 1112 2528 adversis,
1141 2443 1198 2508 ubi
1226 2447 1298 2508 erat
1320 2441 1465 2524 malacia,

169 2613 173 2622 .
292 2553 385 2617 navis
401 2574 466 2620 non
480 2553 682 2637 mouebatur,
695 2552 752 2616 ubi
766 2552 945 2636 desinebat,
958 2551 1065 2616 ventis
1075 2550 1219 2616 adversis
1234 2549 1465 2636 depellebatur.

383 2659 589 2745 Auxuma,
600 2659 752 2725 17-19:
770 2659 864 2724 umal
881 2659 1035 2724 iuteuclere
1052 2678 1175 2742 mauua
1192 2677 1334 2741 apparere
1345 2657 1466 2739 probra,
1582 2733 1585 2742 1

293 2773 499 2833 consecratum
518 2765 702 2851 Claudium,
724 2767 862 2846 iuferuos
881 2763 1062 2831 Silaucrum
1084 2785 1192 2830 maaca
1214 2766 1357 2829 iuvocare
1380 2768 1409 2828 et
1430 2767 1469 2828 tot

293 2875 391 2938 iurita
406 2874 559 2954 famame.
596 2871 988 2958 Molestissime'Draeger
1011 2870 1063 2958 (cf.
1079 2872 1126 2936 ed.
1143 2876 1178 2936 et
1186 2870 1270 2936 Phil.
1285 2872 1329 2936 26
1341 2896 1373 2956 p.
1390 2866 1467 2955 724)

293 3001 409 3045 avoca
432 2979 614 3046 invocare
638 2979 678 3044 ad
702 2979 801 3044 verba
822 2984 966 3044 extrema
984 2979 1120 3044 verbum
1146 2979 1312 3043 clamare
1341 2982 1467 3042 mutua

292 3091 360 3173 tur3
392 3087 510 3152 melius
539 3085 677 3172 quadrat
704 3085 872 3152 Orelliana
894 3086 1069 3171 explicatio
1102 3086 1202 3151 etiam
1234 3085 1274 3149 ab
1302 3083 1468 3150 Urlichsio

293 3189 337 3279 (J.
351 3193 464 3260 Jahrb.
481 3194 566 3260 1854
580 3218 610 3279 p.
627 3191 691 3258 155
705 3189 785 3278 seq.)
796 3195 829 3256 et
844 3192 1043 3271 Andresen0‚
1058 3193 1106 3257 ed.
1118 3191 1167 3258 IV
1181 3213 1302 3258 recens.
1311 3191 1342 3256 N
1343 3190 1468 3276 ipperd.

292 3324 323 3385 p.
342 3301 405 3365 113
428 3301 576 3386 laudata,
604 3322 667 3384 qua
695 3300 735 3364 ab
759 3298 943 3384 Agrippina
965 3305 1003 3364 ut
1026 3297 1199 3365 Claudium
1222 3303 1257 3363 et
1279 3321 1394 3362 manes
1419 3295 1467 3363 Si-

292 3407 442 3473 lanorum
456 3407 504 3472 ita
518 3407 590 3492 ipsa
603 3406 748 3471 facinora
758 3405 908 3490 quotiens
918 3410 1080 3492 temptata
1093 3407 1216 3472 totiens
1226 3406 1328 3470 inrita
1341 3405 1467 3490 impetu

292 3513 433 3598 quodam
458 3514 560 3579 animi
574 3534 646 3578 esse
660 3512 829 3595 invocata,
852 3513 1096 3578 commendatur
1109 3513 1210 3578 simili
1224 3513 1296 3578 loco
1312 3512 1375 3578 An.
1389 3511 1468 3576 XVI

292 3621 345 3704 31,
357 3619 423 3704 sto:
436 3621 546 3699 mullos,
560 3621 671 3703 iuquit,
683 3620 795 3701 impube
807 3619 884 3703 deca,
898 3620 1002 3684 uullas
1015 3621 1183 3685 dmutimaes
1196 3641 1251 3685 uec
1263 3620 1354 3684 aliud
1366 3619 1469 3700 tafali-

292 3727 375 3793 mtus
387 3728 529 3810 precibus
547 3727 695 3810 iucccaoi,
714 3725 770 3789 ubi
789 3725 828 3790 de
843 3729 1013 3810 zeugmate
1033 3728 1086 3791 vix
1100 3728 1240 3812 cogitari
1254 3730 1376 3812 potest.
1405 3723 1468 3790 Sed

292 3833 418 3918 optima
432 3833 514 3898 mihi
527 3831 657 3896 videtur
672 3853 710 3896 ea
723 3831 960 3917 interpretatio,
975 3855 1072 3918 quam
1080 3833 1268 3919 Nipperdey
1281 3833 1317 3898 in
1332 3833 1409 3898 edit.
1416 3830 1468 3896 HI

291 3939 476 4024 proposuit,
499 3960 645 4025 quaeque
669 3937 826 4022 probatur
849 3940 1007 4024 exemplis
1030 3960 1129 4025 supra
1151 3964 1181 4026 p.
1195 3940 1258 4005 106
1281 3940 1404 4004 allatis.

381 4043 620 4129 ib.18,12t13:
650 4045 849 4126 excubiasque
876 4046 1040 4130 militares,
1073 4068 1152 4129 puae
1185 4052 1221 4111 ut
1251 4047 1377 4129 ccaiarpi
1407 4047 1466 4110 im·

286 4152 442 4234 peratoris
468 4151 556 4236 olim,
586 4155 651 4215 ium
680 4145 761 4235 (cod.
776 4151 900 4214 solitam
928 4173 988 4236 pro
1012 4153 1085 4216 olim
1109 4159 1189 4218 tum:
1222 4175 1303 4218 corr.
1319 4148 1466 4238 Lipsius)

199 4309 203 4320 .
291 4262 327 4321 ut
348 4258 444 4322 matri
465 4258 681 4322 sumebantur:
705 4256 734 4322 J.
753 4255 882 4341 Mbllsr,
905 4255 1091 4324 Zeitschr.f.
1105 4259 1290 4344 trstilymn.
1305 4260 1349 4324 26
1362 4258 1467 4344 p.645

291 4363 374 4428 bene
410 4363 475 4428 iam
512 4363 749 4428 demonstravit
785 4361 914 4428 collatis
937 4362 1029 4430 Η.1Ι
1049 4366 1106 4450 93,
1124 4366 1159 4449 33
1196 4364 1468 4451 cua5,1,42;

292 4469 447 4556 4,10,23
471 4491 545 4536 oum
568 4467 858 4554 H.15,11-15;
880 4506 923 4516 -
946 4470 1065 4557 1v62,
1081 4473 1220 4538 17-20
1247 4471 1310 4537 hoc
1336 4473 1410 4538 loco
1433 4474 1467 4536 at
