3242 5284
622 473 839 538 ..25-

144 655 217 696 mur
245 632 482 698 barbarismum
509 655 580 698 esse
606 633 737 718 vitium,
766 633 851 718 quod
879 635 936 700 fiet
968 634 1002 699 in
1033 633 1171 720 singulis
1205 634 1312 700 verbis

144 740 165 804 i.
180 761 205 804 e.
219 739 254 804 in
273 739 520 826 orthographia,
537 739 660 825 formis,
677 739 763 825 sim,
787 740 838 804 cui
857 742 1053 806 contrarium
1073 763 1143 806 esse
1163 741 1313 806 soloecis-

144 869 236 910 mum
263 847 297 910 in
321 845 491 912 verborum
514 845 741 912 coniunctione
763 847 920 931 positum,
950 848 971 914 i.
995 871 1019 914 a.
1044 848 1078 912 in
1101 848 1231 933 syntaxi
1260 845 1313 936 (cf.
1357 831 1361 842 ⁵

145 954 242 1034 §ab
270 958 367 1018 cetera
389 952 467 1018 citio
489 955 595 1018 omnia
617 975 654 1020 en
670 955 819 1036 plnrilms
846 955 966 1020 cocibns
994 960 1082 1033 ment,
1113 976 1242 1036 qaenam
1271 961 1316 1022 cst

144 1061 352 1138 commiserens)
375 1082 431 1124 seu
451 1059 523 1144 ipsa
541 1064 704 1125 structura
727 1060 771 1126 sit
794 1065 864 1126 tota
883 1062 1015 1147 vitiosa,
1039 1084 1096 1126 seu
1119 1062 1214 1128 unica
1236 1083 1314 1128 voce

145 1168 354 1254 perturbetur
381 1163 433 1254 (cf.
452 1169 473 1248 ᾖ
491 1167 534 1232 38
566 1171 657 1244 otone
685 1172 721 1231 nt
749 1188 867 1232 omnem
896 1169 1045 1253 effnpiam
1073 1169 1314 1234 cavillationem:

145 1275 188 1339 sit
220 1269 460 1360 (soloecismus)
490 1273 660 1353 aliqnando
691 1275 726 1338 in
757 1293 819 1338 nno
851 1274 1149 1354 embammatum
1186 1277 1219 1340 in
1252 1276 1314 1341 solo

146 1381 259 1464 certo).
281 1417 325 1426 -
352 1380 500 1446 Breviter
529 1378 609 1444 haec
644 1380 739 1445 nobis
770 1380 959 1466 exponenda
991 1387 1084 1447 erant
1113 1387 1247 1468 propter
1278 1405 1315 1447 ee

147 1510 229 1573 quae
252 1492 439 1572 sequuntur.
485 1486 600 1571 Pergit
626 1486 712 1552 enim
740 1487 960 1564 Quintilianus
988 1489 1023 1554 in
1050 1491 1144 1570 §382
1173 1489 1227 1568 qni
1251 1489 1315 1572 ple·

147 1596 273 1660 nismme
288 1591 344 1680 (sc.
356 1594 395 1659 de
410 1593 594 1659 soloecismi
610 1593 778 1679 speciebus
793 1592 978 1682 quaerunt),
998 1597 1253 1680 quadripertitam
1266 1617 1315 1661 oo-

150 1701 1316 1788 lantesserationem...,atfictadicctione...,detractionc.·„ambnlo

155 1806 253 1872 niam“
279 1803 354 1894 (pro
377 1811 413 1874 in
434 1804 514 1893 aio),
535 1808 698 1892 „cappa
720 1807 828 1874 oenio“
853 1805 926 1894 (pro
950 1831 988 1875 en
1006 1807 1155 1896 Aeyypto)
1178 1831 1243 1895 „ne
1264 1809 1318 1876 mc

154 1913 241 1993 tecit‘
252 1913 426 2002 (omissum
439 1912 650 2001 estqaidem),
665 1918 997 1982 transmutatione.
1009 1967 1015 1981 .
1027 1968 1047 2002 .,
1061 1898 1319 1983 immutatione

154 2017 202 2106 (cf.
217 2024 236 2102 ξ
254 2018 321 2108 41).
341 2058 384 2079 τ-
403 2024 423 2102 ἐ
441 2023 500 2087 40:
522 2021 594 2086 boec
617 2023 679 2086 trio
699 2043 811 2105 penem
835 2020 892 2110 (sc.
911 2023 1028 2089 vitium
1049 2024 1239 2090 adiectionis
1266 2023 1317 2087 de-

151 2129 318 2194 tractionis
350 2125 648 2214 transmutationis)
686 2131 813 2210 qnidam
840 2131 992 2196 deducnnt
1022 2154 1043 2196 a
1075 2132 1260 2214 soloecismo,
1290 2135 1320 2194 et

149 2237 328 2301 adiectionis
345 2236 454 2301 citiam
469 2231 743 2320 ‚,rrteooaep6o“,
761 2237 1007 2304 detractionis
1033 2286 1053 2321 „
1065 2239 1317 2315 tlteeaeo“...

148 2348 265 2409 cocant.
312 2342 409 2407 Patet
431 2342 514 2408 hanc
537 2343 668 2427 ellipsin
691 2342 731 2408 ad
754 2343 928 2409 manifesta
954 2345 1036 2410 vitia
1064 2344 1245 2428 syntectica
1267 2343 1319 2408 rel

149 2451 190 2516 ad
214 2455 394 2516 structuras
418 2472 437 2514 a
461 2449 623 2515 cotidiana
647 2449 774 2515 dicendi
796 2451 922 2516 ratione
946 2451 1069 2516 alienas
1098 2472 1168 2516 esse
1197 2451 1318 2515 relatas
1420 2517 1424 2524 ,

150 2557 401 2642 aquibusdam3
434 2556 467 2621 id
496 2555 582 2642 quod
610 2556 675 2621 iam
698 2556 830 2643 Trypho
857 2557 972 2624 fecisse
1000 2557 1130 2623 videtur
1156 2557 1191 2622 in
1214 2558 1318 2643 tropis

150 2663 374 2750 grammaticis
389 2662 605 2729 recensendis:
624 2663 663 2728 cf.
674 2663 829 2749 ap.Wala
840 2664 1010 2750 l.l.p.l45,
1021 2664 1229 2752 Spengel.III
1247 2664 1320 2750 198,

148 2772 240 2836 hisce
264 2771 386 2836 verbis:
408 2767 526 2854 roiam
549 2765 610 2854 μὲν
635 2759 697 2835 οὖν
722 2758 816 2836 οὗτοι
845 2767 946 2857 (inter
976 2794 1057 2857 quos
1079 2770 1197 2836 babuit
1220 2770 1321 2836 etiam

240 2991 265 3038 2.
292 2983 453 3053 generalem
473 2981 554 3034 ‘hanc
579 2978 773 3035 definitionem
796 2980 831 3033 ad
857 2980 1073 3050 etymologicam
1101 2980 1180 3036 illam
1205 2980 1321 3051 ellipsin

149 3071 250 3128 referri
260 3089 277 3126 a
287 3071 436 3142 Tryphone
446 3087 479 3125 ac
489 3070 598 3125 Zonaeo
613 3070 644 3125 et
652 3070 687 3124 ab
699 3085 732 3124 eo
741 3067 854 3123 uberius
864 3069 989 3137 tractari,
1001 3088 1064 3124 cum
1073 3068 1213 3140 expressis
1227 3069 1321 3125 verbis

150 3161 248 3228 addat,
267 3160 317 3215 ubi
335 3161 370 3215 de
389 3159 510 3228 litterae,
530 3158 579 3214 ubi
597 3159 633 3212 de
652 3158 777 3228 syllabae
796 3160 897 3227 agatm
915 3158 1103 3227 detractione,
1128 3161 1157 3214 et
1180 3158 1323 3213 describat

150 3248 337 3320 syntecticam
363 3249 603 3320 praepositionum
637 3246 782 3302 nominum
812 3247 961 3302 verborum
991 3247 1179 3303 omissionem.
1224 3248 1322 3316 Itaque

153 3340 303 3406 Zoneeum,
312 3338 368 3394 etsi
377 3338 475 3409 primis
486 3338 579 3394 verbis
590 3355 675 3408 supra
684 3335 778 3392 allatis
798 3335 982 3407 ἔλλειψις-δῶ
998 3338 1082 3407 plane
1097 3354 1162 3392 cum
1171 3337 1321 3407 Tryphone

151 3427 306 3497 consentit,
326 3445 360 3482 ex
376 3427 439 3498 ipso
458 3428 608 3498 Tryphone
626 3429 722 3483 tamen
739 3443 796 3480 non
814 3426 939 3482 hausisse
959 3427 1141 3481 statuendum
1160 3428 1210 3482 est.

175 3539 178 3546 ·
224 3524 249 3572 3.
276 3517 436 3587 generalem
455 3509 647 3572 delirhtionem
670 3516 707 3570 ed
727 3516 817 3569 solam
840 3515 1025 3586 syntecticam
1044 3515 1146 3590 referri
1170 3513 1284 3584 ellipsin
1306 3531 1323 3569 a

152 3606 361 3674 Choerobosco,
382 3605 464 3677 Greg.
484 3605 643 3674 Corinthio,
663 3622 814 3674 anonymo;
834 3604 969 3674 exemplis
982 3603 1092 3659 omissis
1104 3605 1189 3675 plane
1202 3602 1276 3658 inter
1293 3620 1322 3657 se

153 3695 313 3750 consentire
321 3693 547 3751 Choeroboscum
557 3698 586 3750 et
595 3711 777 3764 anonymum
790 3690 890 3750 eedem
903 3694 1031 3765 exempla
1040 3692 1167 3748 exhiberi
1176 3709 1194 3747 a
1202 3691 1323 3747 Chaero-

153 3784 239 3839 bosco
259 3786 289 3838 et
308 3783 453 3853 Gregorio,
490 3783 546 3838 Sed
565 3802 629 3840 cum
647 3801 682 3839 ne
705 3801 776 3839 unus
799 3782 913 3852 quidem
938 3784 1056 3837 accedat
1079 3779 1264 3836 similitudine
1287 3781 1323 3834 ad

154 3873 256 3928 Zonaei
271 3873 355 3933 illam
369 3872 540 3942 syntecticae
560 3873 691 3943 ellipseos
710 3871 915 3937 definitionem,
940 3871 1065 3924 firmatur
1082 3869 1125 3938 id,
1145 3870 1220 3938 quod
1240 3885 1324 3939 supra

120 3947 132 3970 ⁴
153 3961 354 4030 iudicavimus,
374 3964 502 4032 spectare
521 3962 594 4016 hanc
612 3962 648 4016 ad
668 3959 914 4032 grammaticorum
933 3957 1098 4016 doctrinam.

226 4050 332 4117 Quibus
352 4067 386 4104 ex
403 4051 486 4105 rebus
504 4049 627 4104 breviter
645 4049 796 4121 disputatis
811 4048 1033 4116 concludendum
1052 4049 1096 4103 est
1113 4048 1231 4101 alteram
1245 4046 1324 4101 illam

155 4139 258 4195 Zonaei
276 4139 388 4194 nomine
407 4131 574 4209 inscriptam
588 4138 793 4206 definitionem,
813 4154 885 4207 quae
900 4136 1003 4207 incipit
1015 4137 1051 4190 ab
1065 4153 1136 4191 voce
1151 4132 1247 4203 ἄλλως,
1263 4151 1324 4190 esse

156 4229 282 4284 additam
301 4230 336 4284 ab
357 4245 495 4297 anonymo
514 4229 648 4297 quodam,
675 4225 723 4296 qui
746 4229 775 4282 et
792 4225 931 4297 tropicam
949 4225 1029 4279 illam
1047 4243 1064 4280 a
1082 4224 1242 4280 rhetoribus
1261 4241 1324 4294 pro

155 4318 278 4389 positam
301 4316 416 4388 ellipsin
439 4316 613 4387 singularum
634 4316 792 4371 litterarum
811 4315 1036 4384 syllabarumque
1056 4317 1085 4369 et
1103 4313 1326 4383 syntecticama

156 4406 346 4478 grammaticis
366 4406 486 4462 tractari
509 4405 622 4461 solitam
645 4403 779 4474 cognovit
803 4421 953 4474 earumque
979 4403 1157 4459 definitiones
1182 4401 1326 4457 coniunxit

157 4496 201 4566 (cf.
218 4495 364 4566 Steusloff,
383 4497 402 4554 l.
417 4497 436 4552 1.
452 4515 479 4566 p.
497 4497 634 4565 18-20).
