3242 5284
762 429 980 492 „40-

283 583 435 652 Sanctius
467 585 534 668 ianr
565 585 586 650 l.
602 585 624 650 l.
639 586 835 672 repugnavit
865 587 926 651 tali
964 586 1183 670 distinctioni,
1219 587 1299 671 quia
1332 607 1465 670 semper

283 713 475 777 quocunqne
507 691 605 758 modo
644 696 819 777 poneretur
853 693 988 758 verbum
1020 713 1158 776 zeugma
1194 698 1293 758 esset
1343 693 1464 758 Rana-

282 797 432 884 hornius,
455 819 588 882 marum.
609 800 661 864 lut.
674 799 722 865 ed.
737 799 770 874 11
787 800 873 864 1830
887 823 917 884 p.
935 800 1019 865 1020
1043 821 1109 883 seq.
1127 819 1269 883 zeugma
1291 801 1328 864 in
1352 820 1464 884 gram-

283 904 422 970 maticae
445 905 569 971 formae
593 905 783 972 diversitate
806 906 951 990 positum
974 906 1022 970 ita
1045 905 1184 970 secrevit
1213 928 1234 970 a
1262 907 1372 990 figure
1395 899 1464 970 ἀπὸ

282 1011 413 1094 κοινοῦ,
436 1016 474 1077 nt
496 1013 581 1078 hanc
602 1012 739 1078 referret
757 1011 798 1076 ad
821 1035 892 1076 eam
914 1011 1193 1096 breviloquentiae
1215 1012 1373 1094 formam,
1398 1034 1468 1096 que

283 1117 419 1184 verbum
441 1117 484 1183 ad
506 1120 601 1204 plura
623 1118 769 1184 membra
791 1119 931 1183 relatum
955 1118 1192 1204 significatione
1212 1142 1273 1183 sua
1292 1121 1402 1183 solum
1422 1119 1466 1183 ad

284 1247 385 1290 unum
417 1225 514 1310 idque
545 1225 731 1310 proximum
763 1224 951 1310 quadraret,
987 1225 1035 1288 ita
1066 1229 1104 1289 ut
1137 1224 1178 1289 ad
1210 1230 1320 1290 cetera
1352 1226 1467 1291 simile

284 1331 507 1416 praedicatum
530 1332 747 1417 supplendum
771 1336 866 1397 esset.
902 1331 971 1396 Alii
992 1335 1107 1396 contre
1133 1331 1231 1416 plane
1258 1337 1467 1398 commutata

284 1438 417 1504 termini
440 1439 620 1524 zeugmatis
644 1439 882 1523 significatione
901 1438 984 1503 hunc
1001 1437 1211 1502 Ra'mshornii
1234 1440 1377 1524 figuram
1397 1434 1466 1505 ἀπὸ

178 1583 186 1599 .
283 1545 401 1610 κοινοῦ
416 1544 674 1630 appellaverunt,
692 1549 730 1609 ut
741 1542 901 1630 Sanctius,
913 1543 1112 1628 Perizonius,
1130 1545 1204 1629 alii3
1221 1546 1303 1609 item
1312 1545 1467 1632 plerique

284 1651 571 1737 grammaticorum
593 1656 727 1716 nostrae
750 1652 877 1717 aetatis.
922 1651 968 1717 Ut
989 1673 1059 1715 rem
1081 1650 1225 1716 breviter
1247 1653 1465 1738 comprehen-

285 1755 399 1822 damus
432 1757 645 1823 dicendum
676 1762 738 1822 est
768 1759 919 1823 nostris
952 1758 1193 1842 temporibus
1226 1779 1395 1844 zeugma
1426 1767 1467 1826 et

284 1861 463 1948 figuram
485 1857 559 1930 ἀπὸ
583 1865 727 1930 κοινοῦ
757 1865 897 1931 dictam
927 1866 986 1931 ita
1016 1864 1210 1949 distingui
1241 1866 1387 1952 solere,
1422 1872 1467 1932 ut

284 1967 387 2034 illud
410 1969 582 2056 positum
605 1972 721 2036 sitin
746 1965 801 2056 ei),
832 1973 932 2057 quod
955 1971 1114 2036 verbum
1137 1973 1312 2057 positum
1336 1974 1466 2041 distat

286 2097 305 2140 e
332 2076 455 2142 verbo
483 2076 701 2161 supplendo
729 2077 1040 2163 significatione,
1066 2078 1161 2144 haec
1192 2079 1235 2144 in
1267 2102 1328 2166 ec,
1362 2083 1467 2166 quod

286 2204 399 2248 unum
438 2183 614 2269 idemque
658 2183 815 2248 verbum
861 2184 989 2250 eedem
1029 2184 1350 2273 significatione,
1397 2189 1465 2254 sed

285 2289 445 2355 diversa
467 2289 664 2355 interdum
686 2288 814 2354 forma
838 2291 1095 2375 grammatice
1119 2292 1165 2356 ed
1194 2294 1316 2377 plura
1345 2318 1465 2360 mem·

286 2395 354 2460 bra
383 2395 558 2462 refertur,
604 2393 667 2462 Sed
690 2396 766 2462 huic
788 2396 990 2462 distinctioni
1020 2397 1093 2462 ideo
1123 2401 1378 2484 repugnandum
1405 2408 1466 2488 est,

285 2501 372 2586 quod
401 2501 484 2567 duee
512 2502 573 2567 hae
597 2501 762 2588 notiones,
789 2525 885 2589 quae,
913 2504 998 2588 quod
1026 2503 1067 2568 ad
1094 2505 1348 2593 etymologiam,
1377 2509 1467 2576 inter

285 2629 321 2674 se
334 2608 431 2693 plane
446 2607 666 2694 consentiunt,
684 2608 725 2673 ad
744 2630 794 2674 res
815 2607 958 2674 dirersa's
976 2610 1228 2697 transferuntur,
1247 2614 1296 2679 ita
1311 2619 1349 2680 ut
1368 2616 1468 2681 facile

286 2735 409 2780 errores
439 2713 576 2799 gignere
603 2713 741 2799 possint.
786 2713 891 2780 Multo
914 2715 1017 2800 igitur
1044 2718 1171 2783 cautius
1195 2719 1325 2786 Haase
1356 2723 1468 2808 egisse

284 2819 424 2906 ridetur,
447 2819 504 2905 qui
526 2819 560 2886 in
579 2820 721 2886 dilucide
740 2842 798 2885 sua
817 2820 856 2884 de
874 2822 979 2906 figura
1001 2817 1066 2887 ἀπὸ
1084 2827 1205 2890 κοινοῦ
1229 2827 1355 2913 scripta
1379 2852 1468 2895 com·

284 2927 486 2995 mentatione
502 2924 552 3014 (cf.
563 2925 691 2992 Vorlcs.
706 2926 754 2993 ed.
765 2926 921 2992 Ecksteiu
935 2929 951 2993 I
965 2953 996 3014 p.
1006 2930 1072 2995 203
1087 2929 1166 3018 seq.)
1181 2934 1269 2999 hunc
1282 2937 1468 3003 terminum

285 3032 416 3100 rettulit
434 3033 475 3098 ad
495 3033 605 3099 omnia
628 3032 697 3098 eius
716 3033 995 3118 breviloquentiae
1015 3057 1146 3124 genera,
1170 3062 1253 3125 quse
1277 3043 1390 3127 posita
1414 3049 1469 3110 est

284 3139 319 3205 in
334 3161 381 3225 eo,
395 3143 433 3206 ut
442 3141 576 3206 verbum
592 3139 723 3225 aliquod
733 3139 876 3225 plurium
890 3142 1050 3208 enuntiati
1060 3147 1280 3213 membrorum
1290 3152 1468 3236 proprium

285 3245 326 3312 ad
341 3268 442 3312 unum
456 3251 585 3312 tantum
599 3246 648 3312 ita
662 3245 809 3311 additum
824 3245 878 3332 sit,
891 3251 928 3312 ut
942 3248 983 3312 ad
997 3254 1106 3316 cetera
1120 3255 1322 3340 suppleatur.
1356 3258 1468 3346 Magis

286 3352 384 3418 etiam
399 3351 580 3420 laudandus
595 3353 721 3439 luisset,
739 3353 767 3418 si
781 3354 957 3419 terminum
970 3360 1151 3442 zeugmatis
1171 3361 1212 3426 ad
1227 3384 1301 3427 eam
1321 3366 1469 3450 speciem

284 3457 382 3524 huius
400 3460 525 3544 figurae
545 3459 787 3546 appellandam,
807 3481 870 3543 que
888 3462 1022 3527 verbum
1041 3466 1282 3550 significatione
1298 3471 1469 3540 diversum

285 3587 324 3630 ex
348 3565 413 3631 alio
437 3566 537 3632 verbo
559 3565 669 3651 posito
697 3566 877 3651 suppletur,
904 3568 999 3651 plane
1027 3571 1210 3640 abiecisset.
1255 3577 1352 3644 Nihil
1377 3581 1468 3646 enim

284 3671 454 3759 proficitur
491 3672 614 3738 talibus
650 3672 799 3737 terminis
835 3673 900 3738 nisi
939 3698 1024 3762 rem,
1061 3680 1101 3744 ad
1135 3703 1233 3765 quam
1263 3685 1470 3775 referuntur,

285 3778 381 3864 plane
406 3780 439 3843 el
462 3778 703 3864 circumscripte
726 3778 892 3865 definiunt,
915 3780 935 3846 i.
950 3805 975 3847 e.
999 3785 1132 3851 termini
1154 3787 1220 3854 iem
1240 3793 1470 3880 etymologica

286 3905 346 3948 sua
369 3883 608 3970 significatione
632 3885 680 3950 ita
698 3885 901 3952 conformate
924 3909 994 3954 esse
1018 3890 1147 3979 debent,
1170 3899 1207 3958 ut
1229 3919 1290 3962 nec
1309 3901 1388 3982 plus
1407 3924 1470 3968 nec

286 3989 393 4055 minus
417 3989 615 4077 significent,
638 4013 735 4076 quam
759 4014 810 4057 res
834 3995 1159 4079 est,cuiind1mtur.

376 4201 439 4268 Sed
458 4203 538 4268 haec
551 4203 708 4269 hactenus
724 4203 763 4268 de
777 4205 991 4274 terminorum
1004 4209 1144 4280 historia
1159 4237 1197 4280 ac
1211 4217 1469 4304 significatione.

286 4307 523 4384 Quaerentibus
537 4309 632 4374 nobis
645 4310 805 4395 quomodo
819 4312 890 4376 fieri
900 4315 1014 4402 possit,
1028 4324 1065 4382 ut
1078 4319 1216 4387 dicentis
1231 4326 1470 4418 cogitationes,

287 4413 350 4480 etsi
376 4414 471 4501 plene
504 4414 646 4501 propriis
680 4416 787 4480 verbis
820 4439 990 4503 expressae
1023 4446 1089 4491 non
1121 4429 1203 4516 sint,
1234 4435 1350 4499 tamen
1383 4438 1469 4504 satis
