3242 5284
635 475 854 540 „21-

152 629 314 713 'ellipseos
338 653 407 696 esse
435 633 553 718 voluit,
581 638 710 699 secutas
740 634 998 720 adnotationem,
1025 658 1123 720 quam
1156 639 1329 722 proposuit

161 735 310 802 Donatus
330 736 374 802 ad
398 737 629 806 Terentianum
653 741 749 806 illud:
771 763 862 824 spone
883 742 985 826 illam,
1008 744 1222 825 quasillum?
1250 765 1329 824 quac

158 843 230 907 mc?
254 865 332 926 quac
353 845 438 910 aaa?
483 847 591 913 verbis
613 848 729 930 ellipsis
751 853 796 912 cst
820 853 849 914 ct
870 849 1067 932 aposiopesis,
1091 873 1173 934 quae
1196 851 1328 936 quidem

159 947 310 1015 Sanctius
341 973 442 1037 aeque
465 954 699 1038 interpretatas
722 958 785 1040 est,
813 955 907 1041 quasi
930 955 986 1021 ille
1015 955 1150 1022 dixisset
1174 953 1214 1022 ed
1237 958 1326 1043 leges

158 1057 388 1142 grammaticas
417 1081 486 1126 esse
519 1061 650 1146 ellipsin
677 1085 807 1147 vocum,
839 1063 880 1127 ad
913 1063 1090 1128 rhetoricas
1119 1064 1325 1151 aposiopesin

157 1163 178 1230 i.
202 1185 228 1229 e.
251 1164 460 1232 reticentiam
485 1171 518 1233 et
541 1167 769 1254 abruptionem
792 1169 961 1236 sermonis.
978 1204 1009 1216 -
1034 1170 1097 1236 Sed
1122 1171 1202 1236 satis
1225 1176 1326 1257 petet,

158 1292 222 1355 qua
244 1271 367 1337 fuerint
389 1273 440 1338 illi
469 1275 567 1340 medii
595 1275 667 1340 aevi
695 1276 901 1360 grammatici
924 1275 1144 1361 imprudentia
1172 1282 1206 1344 et
1233 1279 1326 1363 quasi

157 1377 312 1444 caecitate
336 1379 370 1444 in
394 1381 551 1447 eiusmodi
573 1382 669 1448 rebus
692 1382 915 1449 diiudicandis.
960 1382 1088 1448 Primus
1113 1385 1201 1450 God.
1230 1384 1324 1450 Her·

157 1507 316 1551 mannus
343 1509 394 1571 op.
412 1489 426 1554 Ι
446 1511 476 1572 p.
494 1488 675 1554 151-153
703 1513 767 1576 qua
793 1494 863 1555 erat
890 1490 1069 1576 sagacitate
1096 1492 1324 1576 aposiopeseos

158 1592 317 1658 ambitum
340 1595 426 1659 iuste
449 1595 710 1681 circumscripsit.
756 1596 866 1662 Verba
893 1603 983 1664 sunt:
1065 1605 1191 1681 propter
1217 1601 1325 1666 carias
1391 1663 1395 1670 .

159 1719 281 1764 caussas
304 1698 356 1786 (cf.
375 1726 405 1786 p.
423 1699 501 1789 152)
525 1704 648 1782 aliquid
674 1704 849 1769 inchoatam
875 1705 1085 1791 abracmpilm,
1112 1726 1191 1786 qaae
1220 1709 1324 1789 fipara

163 1812 281 1870 uocatur
303 1809 496 1890 aposiopesis.
515 1846 559 1856 —
578 1809 620 1874 ib.
635 1834 666 1895 p.
682 1811 759 1876 153:
848 1811 883 1876 ia
905 1832 977 1876 acra
999 1813 1099 1895 cllmsi
1120 1815 1155 1878 id
1174 1814 1256 1896 qaod
1276 1815 1323 1878 im

163 1912 252 1995 mllcpi
273 1915 349 1979 solet
369 1934 526 1994 mosacum
548 1917 679 1981 dicitur:
711 1919 897 2001 aposiopesis
919 1940 952 1983 co
979 1921 1101 2000 quidem
1128 1941 1197 1984 mim
1223 1921 1324 2003 cllmsi

158 2021 304 2105 conuenit,
331 2023 413 2099 qaod
433 2024 468 2085 ia
490 2027 622 2103 atraque
645 2024 769 2104 aliquid
783 2046 915 2108 prorsas
937 2027 1102 2112 omittitur,
1124 2029 1177 2092 sed
1202 2028 1324 2098 diversa

155 2131 197 2190 cst
222 2129 262 2191 ab
285 2127 386 2210 cllcpsi
407 2149 448 2214 eo,
473 2131 554 2208 qaod
576 2132 609 2194 ia
632 2131 733 2213 ellac·
755 2131 879 2210 aliquid
899 2132 935 2196 ob
961 2133 1113 2196 rationem
1136 2136 1321 2216 prammati-

154 2254 233 2318 ccm,
256 2236 292 2299 ia
315 2237 484 2318 aposiopesi
513 2235 548 2300 ab
570 2236 754 2303 rhetoricam
781 2239 933 2304 rationem
955 2238 1046 2302 abest.
1083 2239 1228 2306 Dicimus
1250 2262 1321 2306 cero

149 2343 391 2422 mammatmcm
413 2344 578 2428 rationem,
602 2363 666 2423 qma
688 2345 811 2426 aliquid
831 2345 876 2409 sic
897 2346 941 2410 ‘cd
961 2347 1143 2410 scatentium
1170 2347 1261 2426 deest,
1288 2351 1322 2410 at

152 2449 252 2512 cratia
274 2449 318 2512 ud
337 2470 429 2514 mecm
452 2450 576 2533 linquae
599 2451 718 2534 iaiepra
741 2450 1102 2536 calamitosorum
1124 2455 1235 2538 numm,
1259 2472 1321 2532 qma

151 2556 209 2639 sic,
231 2561 268 2618 at
288 2575 328 2620 ac
349 2558 392 2620 ad
409 2559 648 2639 prcmmaticam
672 2559 793 2636 quidem
815 2579 907 2624 asam
925 2560 1024 2624 oratio
1046 2562 1167 2642 intepra
1184 2562 1233 2626 sit.
1269 2560 1320 2624 In-

151 2661 291 2746 tegrites
314 2666 423 2728 autem
452 2664 608 2729 orationis
637 2664 811 2729 secundum
834 2663 1014 2730 Hermanni
1041 2665 1221 2732 doctrinam
1248 2689 1320 2752 per·

151 2769 273 2855 ficitur,
296 2770 325 2834 si
337 2770 446 2835 omnia
463 2769 623 2856 dicuntur,
638 2793 721 2856 quae
736 2772 808 2856 qais
824 2771 963 2857 cogitari
977 2772 1058 2838 velit
1070 2769 1122 2858 (cl.
1131 2773 1172 2838 ib.
1181 2798 1212 2859 p.
1229 2771 1321 2861 151);

151 2876 362 2942 manifestum
385 2877 486 2963 igitur
509 2883 560 2942 est
582 2878 714 2963 ellipsin
731 2901 808 2944 esse
830 2900 902 2944 eam
925 2879 1051 2944 dicendi
1073 2880 1226 2966 formem,
1257 2904 1321 2966 qua

59 3019 66 3027 ·
152 2987 264 3048 orator
294 3005 332 3048 ea
369 3006 451 3068 quae
484 2985 643 3070 cogitavit
672 2985 720 3050 ita
748 2986 840 3071 dicit,
872 2990 922 3070 ut,
957 2987 1019 3051 etsi
1049 2985 1179 3072 singule
1209 2988 1318 3074 singa-

151 3089 193 3154 lis
216 3090 423 3175 propriisque
446 3091 552 3155 verbis
580 3113 646 3155 non
676 3092 773 3176 pl'ene
802 3092 967 3178 exprimit,
994 3096 1105 3157 tamen
1137 3094 1246 3158 omnia
1278 3095 1319 3158 ab

151 3196 358 3262 audientibus
376 3197 611 3282 percipiantur,
630 3220 693 3282 quo
713 3199 759 3283 fit,
778 3203 814 3263 ut
832 3221 898 3263 non
912 3198 1056 3264 delectas
1075 3201 1320 3287 sententiarum,

150 3302 207 3368 sed
225 3303 316 3368 solas
335 3303 479 3369 defectus
499 3304 669 3390 orationis,
692 3305 712 3368 i.
731 3305 959 3391 acerborum,
982 3306 1091 3391 ellipsi
1114 3307 1319 3392 admittatur3
1425 3296 1428 3302 ⁵

150 3410 358 3496 aposiopesin
380 3416 490 3477 autem
514 3433 594 3497 eam,
617 3433 683 3496 qua
702 3433 762 3476 nec
783 3411 891 3477 verbis
915 3435 974 3478 nec
996 3411 1166 3478 sententiis
1184 3413 1319 3499 integri-

149 3521 253 3582 tatem
276 3517 369 3582 illam
391 3518 601 3603 consequitur
624 3523 735 3582 orator
758 3519 906 3584 oratione
933 3520 981 3584 ite
1002 3519 1198 3605 interrupta,
1225 3525 1262 3585 ut
1285 3524 1319 3586 et

149 3625 324 3690 verboram
347 3630 380 3691 et
403 3625 636 3690 sententiarum
660 3626 781 3690 existat
804 3625 954 3690 defectus.
992 3626 1229 3703 Quintilianum
1251 3627 1318 3693 iam

150 3753 251 3816 prope
265 3733 437 3798 accessisse
450 3732 637 3798 definitione
655 3755 714 3797 sua
729 3732 777 3796 IX
791 3734 827 3818 3,
850 3733 892 3798 58
908 3755 972 3817 seq.
992 3733 1162 3818 proposita
1176 3733 1217 3798 ad
1234 3734 1318 3801 hanc

150 3837 331 3904 Hermanni
359 3839 534 3904 dilucidam
562 3840 791 3924 aposiopeseos
819 3839 1151 3924 circumscriptionem
1182 3846 1318 3926 apparet

149 3945 243 4010 nobis
274 3945 566 4032 considerantibus,
597 3947 687 4012 sica
722 3969 804 4031 quae
830 3949 978 4011 tacentur
1008 3947 1141 4012 omnino
1171 3970 1237 4013 non
1264 3950 1316 4015 vel

149 4051 340 4117 difficillime
355 4057 483 4118 tantam
497 4053 647 4138 intellegi
662 4057 808 4138 possunt,
821 4052 1005 4118 necessario
1020 4075 1090 4118 esse
1109 4077 1315 4140 praesumen-

150 4158 239 4245 dum,
264 4164 296 4224 et
319 4159 498 4224 orationem
523 4164 557 4224 et
579 4160 758 4225 sententias
782 4159 816 4224 in
839 4159 945 4224 medio
974 4182 1045 4226 esse
1072 4161 1218 4247 relictas,
1245 4162 1266 4228 i.
1290 4186 1316 4229 e.

149 4255 310 4332 defectam
333 4287 403 4332 esse
427 4270 460 4330 et
483 4265 640 4330 orationis
664 4271 697 4330 et
720 4267 962 4332 sententiarum.

237 4372 309 4438 Hac
327 4372 361 4436 in
379 4371 559 4438 Hermanni
578 4373 792 4458 explicatione
810 4373 1019 4459 recentiores,
1038 4372 1124 4458 quod
1144 4374 1244 4440 sciam
1264 4399 1314 4441 ac·

149 4480 349 4565 quieverunt.
386 4477 449 4545 Sed
468 4479 718 4564 vituperandum
738 4483 796 4566 est,
815 4481 902 4565 quod
918 4462 1110 4566 plerumque
1129 4503 1227 4567 qnam
1245 4483 1315 4550 bre
