3222 5278
782 467 1025 531 -140-

316 630 413 696 Ρο101
440 650 576 715 zeugma
603 628 637 692 in
659 626 711 694 his
736 627 842 693 verbis
865 627 1072 712 invenerunt3
1101 625 1158 692 sed
1182 624 1221 691 ef.
1238 623 1418 691 Andresen.
1442 660 1489 672 —

316 738 369 824 39,
392 738 412 802 3
431 759 510 822 seq.:
532 737 636 800 inerat
656 735 839 800 mnseientia
861 735 977 800 anat
996 733 1095 816 fnisse
1116 753 1214 817 anper
1234 733 1353 815 satana
1375 731 1490 802 0001-

315 846 424 909 nrania
443 841 645 926 trirrmptnrn,
667 842 776 925 emptis
787 861 846 924 per
859 842 1049 925 ammeca,
1068 862 1198 924 quaram
1211 840 1333 905 latitas
1347 845 1376 905 et
1388 840 1491 904 crines

316 953 351 1016 in
373 951 562 1034 captivatam
591 949 718 1033 spatam
745 948 970 1030 formarentur:
999 953 1034 1012 at
1058 969 1141 1013 nane
1164 945 1358 1035 (videbat)
1382 968 1491 1012 veram

316 1077 519 1140 mapnamqne
535 1056 695 1121 sirtarim
714 1105 721 1121 .
738 1105 745 1120 .
762 1056 881 1138 inpenti
900 1054 991 1136 fama
1012 1055 1172 1121 mtetrari:
1195 1055 1242 1120 sie
1259 1054 1366 1140 Kritz,
1390 1058 1427 1119 at
1451 1054 1491 1118 of.

316 1185 415 1248 supra
441 1186 471 1248 p.
491 1163 543 1229 94.
569 1199 608 1212 -
633 1164 690 1249 42,
717 1163 770 1228 18:
798 1163 919 1242 famam
950 1159 1200 1249 (quaerebat)
1227 1161 1389 1245 fatnmqae
1411 1183 1490 1244 pro-

315 1245 454 1336 vocabat:
483 1271 659 1357 zeugmati,
689 1269 774 1355 quod
803 1272 989 1334 statuerunt
1011 1269 1103 1334 Kritz
1131 1273 1164 1335 et
1187 1268 1347 1354 Draeger,
1373 1269 1490 1333 funda-

317 1381 460 1442 mentum
481 1377 560 1441 olim
575 1376 779 1461 Doederlein,
796 1397 900 1460 nuper
913 1374 1091 1462 Andresen,
1105 1375 1260 1442 Zeitsehr.
1274 1375 1296 1442 f.
1310 1375 1339 1440 d.
1355 1374 1488 1460 Gymn-

316 1483 405 1549 Wes.
431 1484 513 1549 1871
543 1508 574 1570 p.
593 1484 658 1550 803
687 1480 740 1570 (ef.
764 1482 862 1548 etiam
891 1483 959 1547 eius
988 1482 1065 1548 edit.
1088 1505 1119 1566 p.
1138 1476 1226 1569 215)
1246 1482 1490 1547 subtraxerunt.

315 1627 359 1638 —
377 1590 435 1675 44,
455 1591 497 1655 14
516 1613 555 1655 a:
577 1611 654 1655 narn
670 1591 761 1656 sirati
783 1591 898 1654 durare
918 1591 954 1654 in
975 1589 1056 1654 1010
1073 1590 1241 1655 beatissimi
1258 1589 1373 1655 saeanli
1391 1589 1490 1654 tnaem

315 1718 352 1763 ae
368 1698 544 1781 principem
559 1698 735 1763 Traianum
748 1698 860 1779 0111010,
878 1698 961 1778 quoa
972 1698 1103 1780 ariperto
1116 1698 1250 1779 eoasque
1262 1697 1348 1780 apud
1363 1701 1490 1762 nostras

316 1824 406 1870 aares
435 1804 643 1890 minabatur,
679 1805 726 1869 ita
759 1805 924 1884 festinatae
954 1805 1062 1869 rnortis
1088 1805 1207 1886 prande
1234 1803 1386 1869 solariam
1416 1804 1490 1868 talit

316 1911 443 1976 evasisse
459 1915 648 1993 postremam
666 1911 747 1976 iliad
764 1915 893 1995 tenipus,
915 1931 974 1992 qao
992 1910 1196 1976 Domitianas
1215 1962 1221 1974 .
1237 1961 1245 1976 .
1259 1960 1266 1974 .
1281 1959 1289 1976 .
1307 1930 1374 1974 rern
1385 1911 1485 1994 petiti

316 2038 384 2083 earn
406 2017 561 2082 exhausit:
585 2018 704 2104 duplex
727 2037 862 2101 zeugma
884 2016 937 2081 his
960 2018 1068 2083 verbis
1088 2017 1286 2102 imputatum
1309 2020 1378 2103 est3
1399 2015 1478 2081 Rotlr

316 2124 411 2210 olim,
430 2125 477 2189 ed.
492 2123 572 2210 Agr.
590 2148 621 2210 p.
636 2125 701 2189 274
721 2121 773 2211 (01.
788 2124 887 2189 etiam
904 2122 1054 2189 MttllerI
1072 2149 1103 2210 p.
1117 2124 1161 2190 50
1180 2121 1219 2210 s.)
1239 2147 1278 2190 ex
1297 2122 1471 2188 solaeium

315 2230 412 2296 tulit
434 2231 599 2317 supplevit
620 2231 789 2297 notionem
813 2231 1020 2317 gaudendi,
1045 2254 1083 2296 ex
1103 2253 1167 2315 qua
1185 2231 1364 2316 penderent
1382 2229 1475 2295 infini-

315 2336 376 2404 tivi
399 2337 449 2401 illi
468 2338 604 2404 durare
628 2360 665 2403 ao
688 2338 832 2421 videre,
855 2338 962 2422 Kritz,
980 2339 1014 2404 in
1033 2337 1082 2404 ed.
1096 2337 1147 2403 ΙΠ
1166 2337 1333 2403 contendit
1351 2337 1481 2402 verbnm

316 2443 564 2509 ominabatur
590 2444 719 2529 proprie
743 2445 784 2509 ad
812 2446 975 2529 augurio
1004 2445 1176 2530 quadrare3
1206 2444 1246 2509 ad
1274 2445 1380 2510 votis
1411 2445 1483 2510 sub·

315 2548 573 2635 intellegendum
602 2573 672 2616 esse
701 2552 919 2637 expetebat.
970 2551 1019 2617 De
1046 2556 1217 2636 zeugmate
1239 2550 1297 2616 illo
1321 2550 1485 2616 Rothiano

316 2657 354 2722 of.
372 2655 503 2742 Koziol,
533 2655 689 2723 Zeitsohr.
718 2657 739 2723 f.
765 2659 795 2724 d.
823 2661 885 2723 ost.
906 2657 1021 2742 Gymn.
1047 2659 1133 2724 1870
1151 2681 1182 2742 p.
1202 2658 1244 2722 29
1269 2662 1301 2724 et
1326 2659 1486 2724 editiones
1595 2741 1596 2760 ,

316 2763 526 2848 recentiores;
544 2762 662 2828 Kritaii
677 2767 785 2828 autem
800 2764 1050 2849 explicationem
1064 2787 1131 2830 non
1145 2768 1232 2830 stare
1245 2764 1328 2831 bene
1343 2765 1487 2831 ostendit

316 2868 425 2955 Peter,
448 2892 584 2956 zeugma
607 2869 689 2934 illud
712 2870 779 2935 iam
801 2877 935 2957 propter
958 2874 1132 2938 verborum
1156 2873 1404 2939 collocationem
1423 2873 1487 2938 rei·

316 2974 466 3040 siendum
481 2997 551 3041 esse
567 2976 672 3041 elucet
686 2979 767 3042 satis
783 3000 822 3043 ex
836 2979 896 3064 iis,
919 3001 1001 3064 quae
1020 3002 1118 3065 supra
1137 3003 1166 3064 p.
1183 2980 1245 3045 137
1265 2980 1487 3066 exposuimus.

406 3076 524 3148 Germ.
539 3084 569 3168 2,
583 3084 628 3148 20
641 3107 665 3149 s.
690 3085 836 3150 eaatnisse
851 3087 1023 3171 paaalatirn,
1045 3092 1082 3151 nt
1102 3107 1205 3152 ornnes
1220 3088 1364 3170 primam
1386 3109 1407 3153 a
1424 3089 1488 3152 010-

315 3193 378 3253 1010
407 3189 443 3253 01
465 3195 592 3273 metam,
621 3211 693 3256 raon
715 3192 808 3257 etiarn
830 3214 852 3256 a
873 3213 904 3259 se
927 3195 1008 3277 ,ipsis
1036 3195 1158 3258 inuento
1186 3195 1310 3259 nornine
1334 3193 1490 3260 (10101001

315 3300 510 3360 uocarentur:
543 3295 580 3362 of.
604 3295 783 3384 Rudolphi,
815 3299 978 3366 observat.
1002 3317 1151 3384 gramm,
1178 3301 1370 3367 Monasterii
1400 3301 1488 3368 1855
1592 3297 1595 3378 J

315 3425 347 3488 p.
361 3401 417 3487 203
440 3385 823 3490 1101011000ομ
847 3430 877 3492 p.
895 3407 965 3473 149.

405 3505 502 3574 illst.
519 3509 537 3574 Ι
555 3510 585 3595 8,
603 3510 624 3573 2
641 3533 665 3575 e.
682 3513 854 3594 proviaciis
871 3513 1048 3596 Hispaniae
1058 3519 1205 3598 praeerat
1222 3513 1353 3582 Oinoins
1370 3515 1488 3603 Rufus,

314 3616 364 3678 air
384 3613 540 3694 fmuaadns
562 3621 591 3680 et
611 3619 701 3699 pacis
724 3619 855 3704 artatus,
882 3621 967 3686 battis
988 3622 1179 3705 inexpertas:
1206 3622 1308 3709 Roth,
1337 3622 1386 3689 ed.
1405 3622 1487 3710 ngr.
1592 3673 1593 3686 .

315 3745 345 3806 p.
365 3722 444 3807 272,
475 3722 516 3786 ad
546 3722 728 3788 ablativum
759 3725 908 3791 artibus
932 3728 1062 3793 rettulit
1091 3733 1274 3814 expertus
1305 3753 1345 3794 ex
1375 3730 1486 3796 inex·

315 3831 451 3911 pertus
484 3833 650 3913 sumptum
685 3827 779 3917 (item
807 3832 887 3898 olim
913 3833 1060 3900 Heraeus
1088 3835 1123 3900 in
1151 3836 1234 3902 ed.I
1262 3836 1486 3902 Historiarum

316 3936 349 3997 et
367 3931 606 4000 Baiter-Orelli
625 3937 666 4001 ad
684 3938 706 4004 l.
725 3939 786 4005 An.
801 3939 866 4005 XII
880 3941 931 4027 64,
946 3938 1018 4028 20),
1037 3943 1099 4008 etsi
1118 3943 1179 4008 hoe
1197 3963 1334 4028 zeugma
1353 3943 1486 4010 defendi

315 4039 445 4105 videtur
467 4042 538 4107 loeo
561 4041 601 4106 Η.
616 4042 649 4108 Π
663 4044 755 4131 52,9
773 4069 810 4112 s.:
833 4049 881 4114 ita
898 4051 1009 4133 trepidi
1031 4055 1060 4114 et
1080 4052 1233 4134 ntrirnqne
1256 4052 1348 4116 annii
1369 4057 1486 4135 coeant,

314 4167 402 4211 nerno
426 4149 579 4229 priuatim
601 4153 735 4234 expedito
763 4157 902 4240 consitio,
934 4154 1238 4246 (unusquisque)
1268 4159 1350 4223 inter
1372 4159 1486 4224 maltos

314 4253 453 4318 sonatan
475 4256 580 4340 011000
603 4259 697 4323 tutior
721 4256 773 4346 (of.
787 4261 933 4328 Heraens
953 4262 993 4327 ad
1007 4264 1038 4329 h.
1052 4264 1082 4349 l.,
1101 4264 1224 4349 Haase,
1242 4263 1333 4330 Vorl.
1347 4289 1378 4350 p.
1393 4261 1485 4350 205),

315 4362 426 4424 tamen
438 4363 648 4445 praeferenda
662 4371 712 4430 est
726 4366 963 4455 interpretatiO,
982 4393 1078 4455 quam
1094 4371 1212 4457 Haase,
1226 4371 1316 4438 Vorl.
1331 4372 1347 4437 I
1362 4396 1393 4457 p.
1406 4372 1484 4457 204,

315 4463 461 4530 Heraeus
480 4468 514 4532 in
534 4469 581 4535 ed.
595 4470 658 4556 III,
682 4473 722 4539 al.
740 4480 989 4560 proposuerunt.
1009 4514 1051 4525 --
1071 4480 1128 4564 28,
1144 4480 1165 4543 2
1180 4501 1205 4544 s.
1223 4480 1251 4544 is
1269 4480 1484 4562 anapnitadine
