3242 5284
776 450 996 516 ..30..

303 613 405 697 nymi
428 610 546 696 verbis,
569 625 654 696 quae
679 610 835 677 hocloco
866 611 1047 676 adscribere
1076 612 1213 695 longum
1244 614 1346 696 esset,
1369 611 1479 676 elucet

303 717 544 804 Hermogenem
566 717 739 803 praecipue
767 716 988 802 asyndeticam
1016 719 1187 784 verborum
1215 717 1478 784 coniunctionem

304 848 375 892 esse
399 826 526 910 σχῆμα
550 819 798 890 ἐλλειπτικὸν
821 823 968 890 docuisse
992 822 1044 911 (cf.
1063 850 1094 911 p.
1113 822 1180 912 11).

394 931 553 998 Omnibus
573 931 815 998 definitionibus
836 954 915 1016 quas
937 933 1042 998 adhuc
1058 932 1314 998 examinavimus
1333 930 1480 996 breviter

306 1039 502 1124 computatis
532 1039 658 1105 videbis
682 1062 702 1104 a
731 1039 894 1104 veteribus
924 1039 1064 1106 termino
1094 1040 1247 1125 ellipseos
1278 1039 1479 1124 appellatam

306 1169 377 1212 esse
401 1146 634 1214 detractionem
658 1150 692 1212 et
721 1146 924 1232 singularum
953 1170 1069 1213 vocum
1099 1145 1391 1233 (praepositionum
1421 1143 1478 1208 ad·

305 1254 489 1320 verbiorum
513 1253 682 1318 nominum
704 1251 890 1341 verborum)
914 1258 948 1319 et
971 1254 1207 1320 sententiarum
1235 1275 1273 1318 ex
1305 1249 1481 1336 compluri-

305 1362 366 1426 bus
388 1359 521 1426 vooibus
543 1360 811 1446 compositarum,
837 1361 857 1426 i.
879 1384 905 1428 e.
926 1360 1058 1446 ellipsin
1078 1360 1259 1447 generatim
1282 1362 1319 1424 ut
1343 1357 1385 1422 ad
1413 1357 1480 1422 elo·

306 1468 445 1534 cationis
468 1468 517 1534 ita
540 1466 580 1532 ad
605 1468 841 1532 sententiarum
870 1467 1032 1533 defectum
1056 1467 1208 1533 collatam
1237 1487 1317 1532 esse.
1365 1464 1481 1530 Gram-

306 1575 418 1640 matiei
442 1597 513 1640 eam
535 1574 654 1640 vitium
676 1574 871 1640 barbarismi
894 1578 927 1640 et
949 1573 1141 1640 soloecismi¹
1164 1571 1481 1657 vocaveruntfrbe·

306 1686 416 1750 torum
447 1681 506 1746 alii
542 1682 680 1767 figuram
713 1679 770 1746 alii
809 1684 941 1766 tropum
972 1681 1235 1767 grammaticum,
1265 1702 1337 1744 cum
1376 1679 1481 1743 solius

307 1789 439 1854 effectus
463 1788 616 1873 ellipseos
638 1787 800 1853 rationem
823 1787 988 1854 baberent.
1033 1788 1156 1866 Quibus
1185 1787 1305 1853 finibus
1334 1789 1484 1851 uteretur

309 1895 491 1981 quibusque
521 1894 763 1960 condicionibus
801 1917 839 1960 ex
869 1895 1000 1981 linguae
1036 1895 1164 1981 legibus
1195 1916 1232 1960 ac
1262 1893 1390 1960 dicendi
1419 1915 1482 1958 usu

311 2002 451 2087 sumptis
493 2003 708 2086 coerceretur,
748 2024 789 2066 ne
830 2023 913 2066 unus
955 2002 1085 2087 quidem
1122 2001 1259 2066 enodate
1296 1999 1483 2085 explicavit.

309 2108 524 2186 Quamobrem
555 2107 663 2174 taedio
693 2108 834 2193 quodam
863 2132 883 2174 a
914 2109 1018 2175 sterili
1046 2109 1109 2174 bac
1137 2109 1304 2174 rhetorum
1334 2106 1484 2195 doctrina

309 2214 452 2281 revocati
475 2214 703 2300 indagabimus
727 2220 901 2302 praecepta
931 2237 1055 2300 eorum,
1083 2216 1139 2301 qui
1167 2237 1246 2280 sano
1275 2219 1374 2300 atque
1407 2213 1484 2280 utili

309 2321 429 2388 iudicio
454 2321 493 2387 de
517 2321 625 2407 ellipsi
647 2322 700 2387 usi
724 2326 809 2389 sunt.
841 2321 921 2388 Prae
936 2322 1052 2388 ceteris
1067 2323 1188 2388 eminet
1201 2321 1483 2399 Quintilianus.

309 2425 431 2494 Scribit
452 2427 530 2492 libri
543 2428 592 2493 IX
605 2451 674 2514 cap.
689 2430 720 2515 3,
733 2429 790 2496 58:

398 2535 445 2600 At
466 2556 546 2618 qrcoe
561 2557 620 2619 per
638 2537 852 2602 detractionem
870 2540 952 2622 picot
968 2536 1089 2620 pipam
1105 2537 1261 2602 brevitatis
1278 2536 1485 2618 novitatisque

309 2643 447 2707 mactme
465 2644 604 2726 qratiam
619 2648 745 2726 petuam
782 2665 938 2726 pecorum
974 2664 1050 2710 unc
1077 2649 1130 2709 est
1164 2664 1220 2728 ea,
1250 2664 1358 2726 quom
1388 2642 1484 2716 libro

303 2749 476 2833 proximo
516 2750 556 2814 tu
591 2751 742 2832 tiquras
772 2766 814 2814 ec
851 2751 1070 2837 συνεκδοχῇ
1101 2752 1248 2835 distuli,
1289 2769 1369 2816 cum
1400 2749 1483 2816 sab·

311 2862 471 2922 tractum
492 2856 637 2922 verbum
659 2857 813 2937 aliquod
838 2859 932 2923 satta
954 2879 995 2924 ea
1021 2859 1150 2924 ceteris
1175 2857 1424 2941 inteltepitcr‚
1451 2860 1486 2920 ct

312 2963 437 3030 Coelius
467 2965 503 3035 rc
533 2963 708 3028 Antoniam
738 2969 884 3049 „stupae
908 2966 1023 3047 caude
1053 2963 1238 3042 ercam
1270 2964 1367 3030 amul
1403 2963 1486 3028 enim

311 3070 440 3136 auditur
461 3068 613 3155 ‚,coepit“.
659 3067 764 3136 Oi'cero
786 3073 830 3137 od
850 3073 988 3137 Brutum
998 3093 1009 3136 .·
1037 3092 1159 3156 „sermo
1182 3072 1267 3137 netto
1289 3071 1406 3138 satiet
1422 3071 1486 3134 ursi

311 3178 348 3244 de
369 3181 412 3255 te‚·
434 3178 511 3257 quid
531 3172 613 3242 caim
629 3177 759 3260 potius?
805 3178 886 3244 Tum
903 3178 1052 3262 Fluctus,
1073 3177 1159 3264 Orus,
1182 3179 1293 3262 inquit,
1317 3178 1485 3261 tabellarii,

311 3288 341 3348 et
361 3304 413 3366 epo
435 3282 546 3348 ibidem
573 3283 631 3349 tas
658 3286 739 3350 iuter
765 3305 889 3350 coecum
915 3283 1074 3350 escrevi‘i
1119 3284 1342 3361 Quintilianus
1375 3286 1486 3370 aperte
1615 3371 1616 3380 ἵ

312 3388 478 3473 significat
504 3365 616 3470 verba,
644 3412 726 3474 quae
753 3391 908 3477 leguntur
936 3392 1085 3476 proximo
1116 3391 1201 3457 libro
1216 3427 1253 3438 -
1271 3391 1355 3458 VIII
1370 3391 1409 3475 6,
1432 3391 1487 3456 21:

312 3495 441 3579 quidum
464 3490 672 3580 συνεκδοχὴν
690 3502 800 3562 cocant
821 3503 861 3582 et,
883 3518 962 3564 com
984 3501 1023 3564 id
1044 3499 1083 3564 iu
1100 3503 1271 3564 contecta
1292 3497 1487 3579 sermonis,

313 3601 409 3683 quod
440 3605 595 3688 tacetur,
631 3605 860 3686 accipimus;
899 3606 1052 3672 vertiam
1083 3609 1179 3672 enim
1211 3604 1399 3671 cavertia
1430 3603 1487 3670 in·

314 3707 456 3792 tettepi,
481 3711 576 3792 quod
596 3712 696 3776 tuter
716 3707 815 3776 vitia
837 3711 984 3794 ellipsc's
1007 3715 1176 3779 coeatur:

453 3815 617 3901 „Arcades
639 3816 682 3880 od
696 3820 808 3900 portus
829 3817 941 3882 rucre“
963 3814 1075 3904 (Verg.
1094 3817 1175 3884 Aen.
1194 3817 1241 3882 XI
1255 3814 1346 3905 142).

313 3918 402 3988 Mitt
419 3920 501 3986 banc
521 3921 657 4006 mam
679 3942 740 3988 esse
760 3931 860 4006 maye
873 3924 985 4006 placet.

403 4027 557 4095 Proxima
573 4031 624 4096 est
641 4029 798 4114 quaestio,
821 4029 900 4116 quid
914 4030 958 4094 sit
972 4026 1202 4114 συνεκδοχή.
1238 4031 1334 4097 Locis
1355 4034 1414 4118 qui
1427 4033 1489 4098 buc
1613 4021 1614 4024 ¹

315 4135 481 4221 pertinent
503 4135 672 4220 perpensis
689 4123 748 4221 (cf.
764 4135 886 4202 Coruif.
899 4134 947 4201 IV
961 4137 1018 4220 443
1042 4134 1106 4202 Oic.
1121 4137 1161 4201 de
1179 4140 1261 4202 orat.
1273 4138 1324 4204 ΙΙΙ
1342 4141 1406 4206 168
1430 4142 1489 4220 (ta-

315 4242 472 4325 tellectt'o);
505 4239 670 4327 Tryphon.
693 4264 743 4326 ap.
759 4240 862 4308 Welz.
875 4242 958 4308 VIII
976 4242 1053 4326 739,
1084 4240 1200 4328 Speng.
1215 4242 1267 4308 III
1288 4245 1368 4332 1953
1397 4269 1489 4312 anon.
1612 4307 1613 4332 3

316 4371 366 4433 ap.
376 4347 426 4415 W.
435 4347 478 4414 ib.
492 4348 822 4434 p.691-693;718‚
838 4347 892 4434 Sp.
906 4348 1132 4434 ib.p.209,25;
1146 4347 1278 4435 Gregor.
1294 4349 1369 4418 Cor.
1381 4376 1432 4440 ap.
1439 4353 1489 4419 W.

316 4455 506 4540 ib.p.1769,
537 4453 590 4539 Sp.
604 4454 648 4521 ib.
671 4478 702 4539 p.
720 4454 800 4539 219,
825 4455 880 4538 113
904 4452 1061 4519 Cocondr.
1081 4476 1131 4539 ep.
1148 4454 1200 4520 W.
1220 4455 1264 4522 ib.
1282 4479 1314 4540 p.
1333 4459 1413 4544 790,
1437 4457 1489 4542 Sp.
