3242 5284
636 471 853 536 „47-

251 629 368 695 Restat
390 634 428 695 ut
456 631 597 696 breuiter
624 631 663 696 de
691 630 762 696 loco
786 631 982 698 disseramus
1004 630 1047 697 E
1061 631 1142 718 132,
1163 633 1214 716 417
1237 651 1334 720 neque

157 737 226 801 uzu
250 737 400 802 tuomum
422 739 605 802 autaeitas
620 739 732 820 quippe
753 740 854 819 eodem
876 737 925 804 dte
938 740 1058 804 diuersa
1073 739 1154 822 pari
1169 739 1334 804 certamine

149 844 378 928 postulaturis,
397 846 450 909 sed
467 846 581 909 trudito
600 863 684 910 more
701 863 919 928 qraemeumque
933 846 1104 929 pmaapeu
1123 845 1276 911 adulandi
1293 846 1331 911 li-

156 951 261 1014 eeutu'a
280 951 541 1016 adclamationum
559 957 587 1016 et
604 952 716 1018 staats
733 953 890 1018 inanitae.
926 950 1012 1018 Mira
1029 955 1080 1018 est
1096 951 1239 1018 virorum
1259 953 1332 1019 doe·

156 1059 272 1122 torum
287 1057 446 1123 dissensio
465 1057 499 1124 in
518 1058 627 1144 ellipsi
645 1059 794 1144 eruenda,
813 1059 869 1124 ubi
893 1059 1018 1146 ellipsis
1033 1059 1165 1124 omnino
1183 1081 1249 1124 non
1272 1064 1332 1126 est.

155 1163 212 1229 Ad
232 1165 333 1230 verba
351 1169 497 1230 extrema
512 1165 703 1231 Doederlein
724 1171 782 1232 aut
800 1166 1065 1232 adulabantur
1088 1187 1126 1232 ex
1145 1165 1332 1233 adulandi

156 1277 218 1337 aut
256 1273 427 1359 agebant
462 1272 559 1356 plane
598 1272 796 1338 extrinsecus
833 1273 1049 1359 supplendam
1089 1295 1160 1340 esse
1196 1274 1331 1360 censuit,

155 1378 307 1444 Heraeus
322 1380 581 1464 postulabant
597 1379 762 1466 intellegit
775 1403 814 1445 ex
829 1379 1106 1465 postulaturis.
1143 1379 1205 1446 Est
1219 1385 1330 1448 autem

156 1491 272 1551 nostro
296 1487 368 1552 loco
390 1487 473 1553 nihil
492 1486 557 1552 nisi
576 1487 700 1572 species
720 1487 790 1552 eius
809 1485 1086 1571 breviloquentiae
1105 1487 1243 1573 generis,
1266 1485 1348 1574 qua

157 1594 308 1676 verbum,
332 1594 417 1678 quod
441 1594 481 1658 ad
513 1594 609 1680 plura
642 1593 802 1660 enuntiati
832 1594 978 1660 membra
1009 1593 1165 1679 pertinet,
1191 1593 1331 1660 insolen-

158 1701 224 1764 tius
255 1701 290 1764 in
320 1701 383 1766 fine
413 1701 511 1785 primi
540 1701 678 1766 membri
711 1701 855 1787 positum
890 1705 941 1767 est
970 1697 1022 1787 (cf.
1036 1700 1121 1766 intra
1143 1700 1219 1781 §56
1238 1704 1272 1766 et
1286 1697 1330 1787 l).

163 1805 331 1872 Structura
360 1807 472 1873 statim
502 1809 756 1894 perspiceretur,
792 1807 820 1872 si
850 1806 983 1874 Tacitus
1016 1807 1201 1893 scripsisset
1235 1825 1331 1890 neque

163 1914 225 1979 illic
245 1915 396 1980 iudicium
419 1921 476 1980 aaut
500 1917 614 1982 veritas
639 1917 752 2000 quippe
773 1917 875 1981 eodem
903 1917 953 1982 ea
981 1916 1103 1981 diverso
1128 1915 1206 1998 pori
1232 1919 1330 1980 eertu-

158 2022 256 2107 miae,
274 2023 328 2088 sed
345 2023 461 2088 trudito
479 2041 563 2088 more
644 2023 768 2089 licentia
844 2029 873 2088 et
893 2023 1005 2090 studiis
1027 2022 1175 2088 ineamus
1191 2021 1330 2105 postule

156 2131 260 2208 turim·
279 2129 487 2216 participium
502 2130 588 2196 enim
612 2130 879 2215 postulaturis
901 2130 1045 2217 pertinet
1060 2130 1160 2194 etiam
1174 2123 1330 2194 ad‘verba

155 2235 561 2322 quippe-certamine.
577 2273 618 2284 —
634 2235 962 2302 Commemorandum
985 2240 1036 2302 est
1057 2236 1120 2302 hoc
1142 2235 1214 2302 loco
1228 2256 1328 2300 unum

154 2344 351 2430 exemplum,
373 2344 408 2409 in
431 2365 494 2430 quo
520 2344 653 2409 verbam
676 2343 796 2428 agendi
819 2343 976 2410 omissum
1003 2365 1074 2412 essa
1103 2342 1231 2408 videtur
1253 2346 1330 2426 post

152 2450 347 2515 adverbium
381 2473 453 2517 cum
486 2451 630 2517 ablativo
658 2451 780 2516 modali
808 2449 1031 2516 coniunctum:
1062 2449 1142 2534 Agr.
1157 2449 1187 2535 5,
1210 2448 1329 2514 3-52

152 2557 224 2622 Nee
245 2558 394 2641 Apricolo
423 2560 545 2624 licenter
573 2555 629 2645 (se.
647 2557 731 2644 egit)
755 2579 838 2624 more
860 2559 1006 2624 teramum
1037 2559 1093 2638 qui
1119 2556 1267 2622 militiam
1293 2555 1329 2619 lu

151 2666 318 2730 lasciviam
345 2670 486 2742 uertuut;
517 2684 613 2745 mque
642 2666 773 2748 sepultor
803 2667 848 2731 ad
881 2665 1050 2748 voluptates
1085 2669 1115 2729 et
1143 2668 1329 2729 commeatus

151 2773 283 2838 titulum
312 2773 489 2839 menatae
525 2779 553 2838 et
589 2773 749 2838 inscitiam
786 2772 905 2837 rettulit
934 2768 986 2858 (el.
1006 2772 1045 2837 Κ.
1067 2770 1121 2836 Fr.
1152 2769 1329 2854 Hermann,

148 2879 219 2946 Rh.
233 2877 319 2944 Mus.
336 2879 357 2943 2
372 2903 403 2966 p.
418 2880 498 2965 5883
521 2878 616 2959 Wex,
637 2879 732 2965 proll.
751 2879 791 2944 ad
810 2877 891 2962 Agr.
905 2878 981 2944 edit.
998 2903 1028 2964 p.
1046 2879 1108 2943 133
1117 2899 1193 2963 seq,
1211 2875 1328 2943 Schoe-

148 3008 270 3071 mann,
299 2986 364 3050 ind.
379 2987 453 3052 lect.
467 2987 532 3052 hib.
551 2986 674 3072 Gryph.
691 2985 776 3051 1859
791 3009 821 3070 p.
838 2985 859 3050 5
874 3007 954 3073 seq.,
987 2986 1167 3070 Baehrens,
1195 2985 1327 3050 miscell.

148 3092 227 3160 crit
247 3116 277 3178 p.
296 3094 372 3178 1313
408 3092 591 3184 Prammer,
622 3091 690 3158 uf.
708 3099 736 3158 ὃ.
751 3092 867 3176 Gymn.
882 3093 923 3158 31
941 3116 972 3178 p.
989 3093 1069 3178 897,
1099 3091 1264 3177 Wiegand
1292 3092 1327 3156 in

147 3203 399 3286 programmate
417 3199 652 3266 Wormatiensi
670 3223 698 3266 a.
715 3201 798 3266 1861
815 3223 845 3284 p.
859 3200 903 3264 22
917 3195 1007 3285 seq.).

148 3381 189 3444 3.
212 3379 442 3444 accusativo
474 3377 633 3464 obiecti3
664 3379 819 3444 accedit
848 3378 959 3444 notio
993 3378 1126 3462 aliqua
1156 3377 1325 3443 modalis

435 3486 495 3552 vel
524 3485 649 3552 dictio
680 3485 1043 3572 praepositionalis.

245 3608 278 3698 a)
302 3610 435 3676 verbum
458 3611 585 3676 dicendi
608 3611 790 3677 omittitur:

245 3735 695 3821 An.1118,9:mapaam
722 3742 751 3801 et
776 3738 870 3802 altato
898 3736 1132 3812 omnicoetum
1155 3771 1199 3780 -
1221 3734 1325 3819 46,1:

146 3865 217 3911 mou
235 3846 291 3909 aaa
304 3843 378 3908 toea
395 3865 449 3908 uec
467 3845 553 3926 apud
575 3843 684 3923 laetam
702 3879 745 3890 -
764 3843 825 3908 XV
841 3844 893 3930 52,
916 3841 984 3927 sse:
1007 3842 1080 3908 tace
1102 3845 1137 3906 iu
1159 3862 1325 3926 commuue,

147 3957 284 4017 ceterum
303 3953 410 4016 timore
428 3950 549 4035 aomatto,
567 3971 604 4015 ue
623 3955 656 4014 et
670 3972 700 4034 q.
717 3973 741 4014 s.
760 3987 796 3997 -
811 3949 902 4016 Haec
920 3951 1068 4034 exempla
1081 3947 1214 4014 trahent
1227 3948 1325 4012 hosce

148 4062 259 4126 locos:
283 4059 324 4125 H.
338 4058 389 4124 III
406 4058 457 4143 19,
470 4056 524 4141 425
537 4057 612 4122 oeae
624 4058 660 4122 iu
677 4058 776 4122 medio
795 4055 828 4143 (i.
839 4078 864 4122 e.
874 4053 1009 4144 palam),
1028 4055 1159 4138 putetru
1173 4056 1324 4131 dietm—

148 4163 446 4250 An.131,18)19:
478 4183 541 4229 uoa
568 4185 650 4230 uuus
680 4164 878 4230 leaeo...uee
907 4165 993 4247 apud
1023 4163 1158 4246 trepidos
1188 4162 1325 4226 militum

149 4295 254 4340 aures.
277 4309 318 4319 -
345 4270 457 4337 Simile
486 4276 548 4356 est,
579 4294 651 4337 eum
681 4271 722 4336 ad
750 4271 968 4336 accusativum
998 4267 1117 4334 obiecti
1144 4272 1201 4334 aut
1224 4291 1323 4334 enun-

149 4382 272 4447 tiatam
306 4379 435 4452 modale
470 4379 614 4464 additur,
646 4383 683 4442 ut
711 4375 900 4462 H.11124‚
926 4374 976 4459 8t9
1006 4375 1091 4462 haee,
1124 4375 1161 4441 ut
1192 4396 1326 4459 quosque

149 4491 332 4574 aoeeaserat;
354 4486 452 4568 plura
485 4487 530 4550 ad
557 4486 704 4550 tertiauos
732 4489 864 4548 oetemem
894 4483 1118 4565 recentiumque
1148 4484 1325 4569 admouere,
