3242 5284
776 475 995 540 ‚20-

266 671 269 673 ·
391 636 608 723 Aposiopesin
631 637 717 701 inter
740 636 940 700 verborum
969 634 1120 720 figuras
1143 633 1339 699 habuerunt:
1366 632 1468 700 Hero·

302 745 418 810 dianus
438 741 563 831 (σχῆμα
581 742 626 832 τῷ
647 738 736 830 λόγῳ
755 739 1063 826 παρακολουθοῦν),
1083 738 1275 805 Cornificius
1289 740 1337 806 IV
1356 741 1409 825 30,
1426 741 1466 805 41

301 852 585 934 (exornationes
615 850 839 932 verboram),
862 848 1005 912 Rutilius
1039 843 1092 929 (cf.
1119 846 1255 923 Quintil.
1273 847 1321 913 IX
1340 848 1374 932 3,
1398 843 1469 934 99),

301 959 407 1023 inter
439 958 589 1043 figuras
623 956 923 1022 sententiarum:
955 953 1156 1039 Demetrius,
1187 953 1374 1020 Alexander
1400 952 1468 1018 Nu-

301 1065 415 1150 menii,
454 1063 619 1148 Tiberius,
656 1063 816 1148 Zonaeus,
853 1083 1105 1146 anonymus-ap.
1124 1059 1228 1126 Waln.
1246 1060 1328 1126 VIII
1347 1083 1377 1146 p.
1398 1061 1469 1145 702,
1593 1063 1594 1084 ¹

235 1214 239 1219 ·
301 1171 424 1257 Aquila
444 1170 621 1256 Romanus,
641 1168 763 1255 Cicero,
782 1168 821 1235 de
834 1173 914 1235 orat.
926 1168 976 1234 III
989 1169 1054 1232 205
1071 1169 1212 1250 (lamiae
1227 1167 1470 1253 sententiarum),
1593 1169 1594 1174 ’

301 1302 347 1345 or.
373 1279 436 1344 138
470 1281 665 1357 (momento
695 1275 945 1361 sententiarum),
980 1275 1201 1352 Quintilianus
1233 1275 1306 1340 coll.
1333 1274 1415 1340 VIII
1439 1275 1470 1361 3,

302 1388 398 1452 83-
410 1386 452 1452 85
467 1389 500 1450 et
513 1384 561 1448 IX
576 1384 610 1470 2,
634 1383 787 1468 54-573
801 1421 842 1431 -·
858 1384 889 1469 3,
905 1383 1058 1467 58-623
1076 1382 1241 1468 figuram
1261 1403 1332 1448 esse
1350 1403 1470 1467 earum,

302 1515 383 1580 quae
398 1493 582 1567 dicerentur
601 1491 774 1556 colorum
799 1511 944 1575 quaeque
963 1490 1057 1575 quasi
1074 1489 1213 1574 speeiem
1234 1488 1468 1577 schematum

301 1601 485 1666 dianonus
500 1597 678 1674 efficerent,
702 1620 774 1663 cum
792 1600 923 1662 ἔννοιαι
940 1595 995 1662 καὶ
1017 1591 1237 1681 ἐνθυμήματα
1252 1595 1292 1660 ad
1311 1595 1469 1660 orationis

302 1709 443 1773 colorem
467 1709 665 1791 spectarent,
692 1704 857 1790 professus
877 1708 927 1768 est
950 1703 1132 1788 Longinus,
1160 1702 1215 1786 qui
1230 1724 1281 1787 ap.
1296 1701 1469 1788 Spengell

300 1839 331 1900 p.
345 1815 411 1879 310
425 1807 658 1894 ἀποσιώπησιν
678 1832 748 1876 esse
767 1811 814 1875 ait
838 1811 945 1896 σχῆμα
964 1811 1031 1875 τῶν
1051 1809 1193 1874 ἐννοιῶν
1217 1806 1270 1895 (ef.
1282 1808 1468 1874 Volkmann

300 1920 427 2006 paee).
454 1918 613 1984 similiter
627 1917 668 1982 ad
683 1917 843 2002 quendam
858 1917 1015 1983 orationis
1030 1916 1172 1981 colorem
1183 1916 1203 1980 i.
1212 1915 1286 1982 aad
1300 1915 1469 2001 proprium

302 2027 459 2093 orationis
483 2025 594 2091 ethos
618 2024 720 2090 refert
738 2047 809 2089 eam
829 2024 1051 2110 Hermogenes
1076 2019 1129 2109 (cf.
1148 2021 1252 2088 Wala.
1271 2023 1322 2087 III
1344 2047 1375 2107 p.
1395 2024 1469 2108 346,

301 2133 420 2219 Speng.
438 2133 471 2198 Il
495 2155 525 2218 p.
544 2133 623 2217 382,
647 2128 704 2218 26)
731 2131 766 2196 in
790 2131 889 2196 dubio
916 2131 1045 2216 relicto,
1067 2134 1177 2194 utrum
1200 2131 1307 2215 figura
1330 2130 1374 2195 sie
1399 2153 1469 2196 sen·

300 2241 476 2307 tentiarum
500 2262 542 2304 an
561 2239 746 2323 verborum3
770 2237 825 2302 sed
849 2237 960 2304 rhetor
982 2237 1035 2302 hic
1059 2259 1130 2302 eam
1150 2236 1217 2302 ‘sibi
1235 2236 1330 2321 quasi
1348 2237 1468 2302 instru-

301 2353 445 2413 mentum
464 2346 571 2432 finxit,
590 2368 654 2431 quo
668 2347 761 2410 fieret
774 2340 875 2428 λόγος
894 2340 1088 2420 ἐνδιάθετος
1105 2341 1160 2408 καὶ
1176 2337 1220 2420 ὡς
1237 2337 1376 2426 άληθῶς
1393 2333 1468 2408 οἷον

300 2457 447 2538 ἔμψυχος
470 2450 522 2540 (ef.
545 2452 733 2518 Volkmann
751 2475 781 2538 p.
795 2452 861 2517 475
876 2473 955 2536 seq,
978 2450 1020 2517 H.
1043 2451 1236 2537 Baumgart,
1263 2451 1373 2516 Aclr‘as
1395 2446 1469 2514 Ari·

298 2562 405 2645 stides,
428 2560 563 2644 LeipnIg
589 2560 675 2624 1874
693 2583 724 2643 p.
738 2559 801 2623 211
819 2557 908 2644 sea).
952 2557 1093 2643 Apsines
1113 2581 1164 2642 ap.
1179 2557 1283 2622 Waln.
1296 2557 1344 2622 IX
1358 2581 1388 2642 p.
1404 2557 1468 2622 500

299 2665 412 2753 (τέχνη
434 2660 619 2752 ῥητορική),
648 2663 829 2749 Spengell
848 2665 913 2729 356
931 2665 1171 2730 commendavit
1193 2663 1399 2750 aposiopesin
1428 2663 1468 2728 ad

299 2773 477 2838 ornandam
500 2773 681 2837 orationem
705 2771 877 2856 praecipue
891 2771 1179 2856 accommodatam,
1202 2793 1275 2836 oum
1298 2771 1470 2838 inserviret

280 2881 469 2966 gravitati,
505 2878 697 2963 rettulitque
739 2900 811 2942 eam
848 2877 889 2943 ad
916 2878 1113 2944 narrationis
1147 2899 1264 2964 genus,
1298 2879 1385 2963 quod
1422 2879 1467 2944 di-

300 2987 383 3052 citur
417 2981 585 3069 παθητικὴ
629 2981 790 3068 διήγησις.
847 2983 923 3049 Alio
955 2985 1027 3050 Ioco
1059 2983 1123 3072 (ap.
1144 2983 1248 3050 Walz.
1268 2985 1316 3050 IX
1336 3010 1367 3071 p.
1389 2987 1468 3072 5413

299 3093 483 3179 Spengell
502 3116 533 3177 p.
554 3089 634 3178 413)
658 3093 693 3156 in
716 3091 800 3155 libro
824 3089 898 3173 περὶ
918 3090 1206 3176 ἐσχηματισμένον
1223 3089 1468 3178 προβλημάτων

300 3223 371 3265 eam
402 3204 533 3285 tropum
558 3219 628 3263 esse
655 3197 747 3262 iubet
769 3197 857 3262 hisee
881 3197 1001 3263 verbis:
1029 3200 1098 3263 tore
1125 3197 1180 3264 unt
1210 3197 1320 3283 ἕτερος
1346 3198 1470 3282 τρόπος

299 3299 339 3371 ὃν
364 3307 417 3370 det
437 3301 712 3391 παραλαμβάνειν
732 3307 779 3380 εἰς
801 3300 841 3368 τὰ
865 3303 1129 3389 ἐσχηματισμένα
1157 3300 1240 3369 κατὰ
1265 3302 1468 3389 παράλειψιν

296 3409 352 3478 καὶ
375 3406 617 3495 ἀποσιώπησιν.
668 3410 781 3476 Veris
810 3411 935 3502 tropis
964 3411 1053 3475 solus
1081 3410 1214 3496 Trypho
1243 3412 1469 3479 adnumeravit

298 3519 513 3604 aposiopesin.

385 3626 452 3692 Jul.
472 3624 591 3690 Caesar
610 3623 768 3712 Scaliger,
791 3624 908 3708 po'e'tic.
927 3625 977 3690 III
998 3649 1028 3709 p.
1043 3625 1108 3688 344
1121 3647 1144 3689 s.
1160 3621 1223 3712 (ed.
1247 3623 1345 3713 1594)
1370 3647 1467 3712 gene-

297 3733 395 3797 ratim
420 3732 501 3797 dicit
523 3715 731 3817 aposiopesin
755 3753 825 3796 esse
849 3731 917 3795 eius
941 3732 1119 3814 figurarum
1144 3733 1285 3816 generis,
1307 3755 1387 3816 qnae
1409 3737 1468 3799 mi-

296 3860 357 3904 nas
382 3841 488 3905 dicam
512 3858 606 3921 qaam
626 3859 686 3921 pro
712 3860 764 3915 re;
796 3839 830 3902 in
858 3839 1021 3924 propriam
1055 3840 1123 3904 eius
1154 3840 1219 3904 vim
1250 3862 1288 3905 ac
1316 3845 1468 3907 naturam

297 3969 363 4010 non
382 3945 519 4030 inquirit
543 3950 575 4010 et
599 3945 796 4010 satisfecisse
820 3944 1030 4010 :invidetur
1053 3945 1216 4012 distinctis
1240 3970 1278 4011 ex
1301 3949 1389 4012 uotis
1415 3972 1467 4014 ex-

297 4052 456 4116 trinsecus
491 4051 631 4137 sumptis
671 4051 839 4136 speciebus
872 4052 1051 4138 nonnullis,
1084 4074 1164 4137 quas
1200 4055 1345 4138 appellat
1377 4057 1467 4120 sub-

297 4158 517 4244 ticentiam,
552 4158 813 4244 reticentiam,
850 4159 1121 4245 abscisionem,
1159 4161 1468 4249 suspensionem,

297 4265 592 4350 praecisionem
629 4267 770 4332 termino
799 4264 1050 4350 παρασιάπησις
1086 4267 1331 4352 comprehendIt
1369 4270 1467 4336 inter-

297 4371 495 4457 ruptionem,
545 4393 610 4456 qua
655 4372 778 4458 aliquid
830 4374 1005 4455 interrupto
1045 4373 1183 4438 oratione
1223 4374 1382 4442 subdatur.
1424 4413 1465 4424 —-

298 4477 449 4544 Sanctius
473 4479 681 4562 aposiopesin
698 4480 837 4565 speciem
853 4479 1015 4563 quandam
1032 4479 1175 4545 defectus
1190 4481 1382 4569 dictionum,
1406 4483 1425 4548 i.
1441 4505 1467 4547 e.
