3242 5284
794 494 1011 559 „28-

315 652 477 740 ὀνομαστῖ
503 652 548 740 μὴ
573 653 747 739 κειμένων,
770 649 825 719 ὅτε
850 652 891 718 δέ
911 678 942 718 τι
965 663 1092 718 νοεῖται
1116 652 1230 732 πλέον,
1258 645 1304 727 ὡς
1328 645 1347 714 ο
1374 655 1490 732 Δημο-

316 763 444 845 σθένης
470 767 533 844 ,,ει’
550 785 601 838 τις
622 761 864 826 ἐπακολουθῶν
887 758 940 826 ε’τῖ
963 756 1001 825 τὸ
1024 761 1137 842 μνῆμα
1161 757 1295 838 διεξίοι,
1318 759 1349 821 εί
1370 751 1409 820 τὸ
1432 753 1490 820 καῖ

315 865 353 933 τὸ
373 869 544 952 ἐποίησεν,
568 864 630 933 οὐκ
645 863 689 933 ἂν
707 863 894 933 ἀπέθανεν·
931 862 1147 950 ἐμβρόντητε,
1169 861 1239 930 εἶτα
1258 865 1323 929 νῦν
1342 862 1492 947 λέγεις“;

315 987 442 1040 νοεῖται
463 972 524 1058 μὰς
545 971 584 1041 τὸ
605 978 713 1060 ,φαίη
735 971 779 1039 ἄν
801 1000 852 1051 τις
873 970 956 1057 πρὸς
978 967 1123 1056 αὐτὸνῆ
1145 970 1265 1038 estest.
1293 970 1350 1034 καὶ
1372 968 1491 1052 πάλιν,

316 1081 430 1166 ,μέλει
453 1075 602 1148 δὀὐδενῖ
626 1077 705 1147 οὐδὲ
728 1079 914 1166 μέμνηται“
942 1078 998 1144 καλ
1025 1075 1090 1162 γὰρ
1113 1079 1262 1144 ἐνταῦθα
1285 1078 1427 1144 ἐλλείπει
1452 1074 1492 1142 τὸ

317 1183 490 1272 ,οὐδείς“.
522 1185 656 1266 πάθους
679 1185 715 1253 δὲ
740 1191 885 1272 ἔμφασιν
909 1190 974 1271 ἔχει
996 1183 1034 1251 τὸ
1057 1188 1166 1271 σχῆμα
1189 1184 1225 1271 (i
1243 1209 1271 1251 e.
1289 1186 1492 1270 gravitatem

317 1300 350 1359 et
373 1295 533 1380 impetum
556 1297 715 1361 orationis
738 1300 838 1380 auget
860 1291 989 1380 figura).
1011 1331 1056 1341 -
1077 1293 1175 1358 Haud
1196 1292 1339 1358 multum
1363 1293 1494 1356 distant

316 1401 358 1466 ab
380 1400 442 1466 hac
464 1402 653 1468 definitione
676 1407 857 1468 ceterorum
876 1399 1054 1466 Alexandri
1072 1401 1269 1466 asseclarum
1296 1403 1494 1485 praecepta:

315 1507 463 1573 Zouaeus
491 1509 656 1595 ap.Walz.
674 1533 706 1594 p.
725 1510 804 1593 683,
831 1507 982 1594 Spengel.
1000 1507 1051 1572 ΙΙΙ
1069 1533 1099 1593 p.
1122 1508 1198 1590 167,
1223 1511 1258 1591 1;
1292 1511 1409 1571 auctor
1436 1527 1493 1572 co-

315 1614 397 1679 dicis
421 1597 528 1680 Par?
546 1639 597 1701 ap.
616 1615 721 1681 Walz.
739 1615 782 1680 ib.
800 1639 831 1700 p.
850 1616 916 1678 470
934 1637 1007 1679 ann
1029 1617 1046 1678 1
1067 1620 1156 1698 extr,
1177 1614 1250 1678 Par.
1269 1615 1290 1677 3
1309 1636 1362 1698 ap.
1381 1611 1492 1676 Walz.

313 1745 347 1805 p.
365 1723 440 1805 683,
462 1723 531 1787 cod.
555 1723 765 1787 Ambrosiani
788 1719 952 1808 (ibidem),
973 1721 1180 1806 Moschopuli
1207 1719 1443 1786 commentatio
1473 1742 1495 1783 a

315 1827 423 1892 'Iltzio
446 1829 534 1893 edita
557 1825 718 1914 (ibidem).
755 1826 960 1915 (Accuratius
984 1828 1024 1893 de
1051 1829 1103 1892 bis
1127 1827 1307 1892 Alexandri
1329 1827 1495 1911 epitoma-

315 1936 441 2000 toribus
470 1937 631 2020 quaesiuit
653 1937 690 2000 Β.
710 1934 868 2000 Steusloff
886 1935 908 2000 l.
921 1932 966 2021 l.).
1009 1933 1289 2019 Supervaeaneum
1312 1934 1417 2020 igitur
1441 1939 1496 1998 est

315 2064 427 2106 eornm
450 2043 549 2108 verba
571 2043 728 2108 hocloco
751 2042 948 2126 adscribere,
975 2063 1048 2106 cum
1074 2041 1159 2104 nihil
1190 2041 1269 2106 nori
1299 2041 1496 2125 praebeant.

316 2147 379 2225 Qui
407 2148 628 2215 Romanorum
659 2149 827 2214 rhetorum
859 2149 1041 2234 attigerunt
1068 2147 1276 2231 aliquatenus
1307 2147 1496 2212 Alexandri

315 2254 508 2340 doctrinam,
521 2247 676 2340 Aquilam
686 2255 870 2320 Romanum
882 2255 1014 2339 eiusque
1028 2255 1275 2338 compilatorem
1287 2253 1496 2320 Mattianum

316 2361 485 2446 Capellam
504 2361 558 2448 (ef.
571 2362 680 2426 Halm.
693 2362 742 2427 rh.
759 2385 802 2427 m.
819 2363 841 2427 l
858 2386 890 2446 p.
908 2363 973 2426 477
993 2358 1082 2446 ann.)
1097 2365 1132 2425 et
1150 2366 1316 2425 auctorem
1334 2361 1496 2429 carminis

315 2468 355 2533 de
377 2469 492 2553 figuris
515 2469 564 2532 ita
585 2490 839 2534 commemorare
860 2469 972 2554 liceat,
999 2472 1036 2532 ut
1063 2468 1133 2532 sola
1160 2469 1260 2533 verba
1289 2490 1405 2534 eorum
1436 2469 1496 2532 ad·

315 2597 482 2660 ponamus
528 2575 672 2659 Aquila
693 2575 796 2641 Rom
815 2598 866 2661 ap.
883 2575 993 2640 Halm.
1011 2576 1033 2639 l.
1052 2575 1122 2660 lp.
1141 2575 1183 2640 37
1204 2576 1225 2655 ξ
1243 2575 1302 2639 46:
1334 2577 1497 2660 ἔλλειψις,

316 2683 335 2744 ι’.
353 2703 378 2746 c
395 2683 540 2746 detractio
559 2732 621 2766 ...‚
638 2688 769 2746 οτνιοίιιν
790 2683 901 2767 oratic,
922 2701 991 2746 αιοι
1009 2683 1137 2764 aliquod
1152 2681 1276 2746 verbum
1294 2681 1498 2748 detrahimus

314 2811 333 2850 α
356 2807 415 2851 suo
436 2790 669 2872 aedificatione,
689 2788 745 2852 boc
766 2789 933 2880 modol„ct
954 2789 1005 2852 illi
1026 2790 1161 2870 ηιιῖιλοιο,
1184 2790 1241 2866 qui
1262 2811 1283 2852 α
1306 2809 1339 2853 sc
1360 2795 1498 2854 mortem

315 2891 401 2978 (add
411 2893 689 2981 Βοῖιολιοο)οιονλο
698 2896 820 2958 inimici
829 2895 971 2977 reppulit,
982 2896 1110 2978 ι’ρνοεοο.
1139 2895 1499 2960 Vidortarootemmibi

313 3007 343 3064 et
364 2999 451 3086 (add
470 2997 672 3086 Stephanus)
689 3003 812 3084 iudices,
834 3003 889 3084 ηιιῖ
905 3002 1070 3065 sententias
1081 3021 1143 3082 pro
1165 3001 1219 3064 illc
1237 3001 1390 3065 ulerunt.-
1412 3023 1498 3065 nom

314 3108 430 3171 multos
449 3109 548 3186 Ῑιιῖεεο
568 3106 699 3171 οιιιλιοιι.
744 3105 809 3172 Hic
830 3114 960 3190 αμμανολ
986 3113 1082 3171 totum
1100 3108 1181 3171 illud
1200 3109 1299 3172 deesse
1319 3109 1499 3191 „videntur

315 3213 393 3276 ιιιιῚιῖ
413 3219 443 3277 et
460 3213 574 3277 iudices
591 3214 671 3276 idem
689 3213 842 3278 comesfl
859 3215 904 3278 ccl
920 3212 1128 3298 „iynorbse‘fi
1164 3213 1227 3277 Sed
1243 3216 1318 3292 quio
1337 3215 1498 3298 ιἰιλοίλεῃο-

313 3319 413 3402 batur,
430 3321 466 3383 id
481 3321 651 3382 ἀείναολιιοι
663 3325 715 3402 est,
732 3326 768 3383 ot
784 3322 853 3402 ι’μςο
866 3321 1017 3386 cclottotc
1028 3321 1205 3384 commotior
1216 3326 1290 3384 esset
1307 3319 1498 3386 enuntiatio.

313 3532 455 3598 κείμενον,
480 3532 509 3582 et
534 3528 680 3598 Spengel,
706 3527 754 3596 qui
779 3528 809 3582 in
834 3529 889 3582 vol.
903 3529 943 3581 111
967 3528 1055 3598 praef.
1069 3528 1137 3598 μί
1157 3529 1301 3599 exposuit,
1330 3547 1419 3586 seusu
1447 3531 1498 3586 de
1609 3559 1610 3586 l

314 3617 433 3673 siderari
456 3619 528 3672 hanc
551 3617 703 3671 lectionem
726 3611 797 3671 ὅταν
820 3613 948 3687 ὀνόματα
973 3615 1061 3670 πολλοὶ
1083 3617 1279 3686 περιῃρημένα
1302 3613 1320 3686 ἦ
1345 3615 1444 3688 ὄνομα
1471 3643 1499 3675 τι

313 3703 351 3774 μὴ
371 3708 503 3774 κείμενον
521 3699 565 3760 ὅτι
583 3712 693 3760 νοεῖται
712 3701 750 3767 ὡς
768 3709 798 3760 ct
816 3724 842 3774 q.
862 3724 883 3760 s.
903 3706 1013 3760 -Sed
1031 3705 1061 3760 in
1087 3708 1236 3774 utramque
1259 3707 1416 3762 dicendum
1442 3713 1498 3777 est,

313 3793 450 3862 cuiusque
464 3793 585 3848 subiecti
598 3793 744 3864 preprium
758 3793 889 3863 idemque
903 3794 1064 3864 significans
1076 3794 1278 3864 praedicatum,
1292 3799 1498 3869 περιῃρημένα

313 3885 343 3936 et
352 3879 390 3951 μὴ
400 3885 541 3951 κείμενον,
555 3883 675 3952 gignere
688 3881 917 3938 molestissimam
929 3882 1130 3952 tautologiam
1148 3900 1240 3952 neque
1251 3884 1312 3938 alia
1324 3885 1383 3940 fuit
1397 3905 1497 3956 causa,
1608 3907 1609 3920 ι

313 3988 364 4024 cur
381 3970 622 4036 emendationem,
649 3971 680 4025 in
697 3989 783 4040 quam
809 3971 901 4041 primo
929 3974 1045 4042 aspectu
1068 3972 1198 4026 codicum
1224 3974 1377 4028 verborum
1401 3975 1497 4032 incidi

313 4055 384 4114 ὅταν
402 4054 531 4129 ὀνόματα
550 4057 638 4114 mut
661 4059 855 4130 περιῃρημένα
881 4055 896 4128 ἢ
916 4056 1007 4129 ὄνομά
1028 4081 1055 4114 τι
1073 4058 1111 4128 μὴ
1130 4064 1275 4130 κείμενον,
1298 4057 1369 4118 ὥστε
1396 4067 1452 4119 δεῖ
1470 4087 1498 4120 τι

312 4152 446 4204 νοεῖσθαι
464 4147 552 4203 πλέον
566 4148 667 4203 abieci.
701 4147 890 4219 Spengeliana
908 4147 959 4202 illa
976 4147 1062 4202 lectio
1080 4149 1194 4218 proprie
1213 4166 1247 4204 eo
1266 4151 1395 4219 laborat,
1415 4153 1498 4222 quod

312 4239 467 4291 extremam
491 4239 603 4306 partem
621 4236 795 4292 definitionis
812 4239 926 4291 norbae
945 4254 963 4291 π
985 4235 1129 4290 codicibus
1153 4238 1311 4294 exhibitam
1333 4239 1497 4296 uiolentius
1607 4257 1608 4268 ²

311 4326 416 4382 mutari
433 4326 521 4380 iubet
559 4324 637 4390 Quae
656 4325 781 4380 comita
799 4325 864 4391 sint,
879 4324 997 4379 fortasse
1016 4324 1195 4380 scribendum
1214 4329 1271 4381 est:

402 4409 474 4468 ὅταν
491 4410 619 4484 ὀνόματα
637 4412 726 4469 πολλὰ
743 4411 937 4483 περιῃρημένα
951 4407 969 4480 ἣ
982 4409 1073 4482 ὄνομα
1084 4432 1124 4468 u·
1148 4411 1199 4483 χρὴ
1219 4414 1251 4471 δὲ
1271 4418 1329 4470 τῶν
1348 4418 1497 4490 πειμένων

311 4500 445 4573 δηλονότι
462 4524 489 4557 τι
502 4507 636 4558 νοεῖσθαι
654 4502 750 4559 πλέον.
1100 4507 1104 4516 ”
