3204 5284
582 454 824 522 -133-

108 616 225 682 solum
248 614 468 682 clandestinos
487 614 562 682 illos
586 618 720 682 coetus
743 616 777 681 in
796 617 876 680 urbe
895 637 966 682 esse
983 615 1098 701 tutos,
1121 614 1177 680 sed
1192 614 1291 682 etium

108 747 217 810 eum,
240 745 335 809 quem
358 722 400 788 ad
423 721 649 788 celebrandum
672 721 750 788 iacti
774 725 859 808 sunt,
882 722 928 789 ibi
950 722 1061 788 fuisse.
1106 723 1194 800 Quae
1218 743 1291 788 cum

107 830 161 896 ita
188 831 256 895 sint
279 830 319 896 ad
343 835 517 916 utrumque
545 829 727 896 membrum
756 830 899 916 pertinet
927 830 1063 896 verbum
1092 829 1290 895 celebrare

108 937 358 1022 significatione
394 935 532 1022 feiern,
569 937 746 1003 fetieren.
802 934 960 1003 Similiter
997 936 1204 1023 explicandus
1240 939 1291 1001 ast

109 1044 209 1110 locus
235 1043 333 1128 alius,
357 1065 450 1129 quem
475 1042 540 1109 huo
563 1043 664 1110 traxit
678 1042 778 1110 Halm
793 1044 814 1110 1.
829 1044 865 1128 l.,
887 1042 994 1110 Anv
1012 1043 1062 1128 10,
1077 1040 1227 1130 9710(V1
1241 1041 1290 1129 5):

110 1153 181 1216 iarn
205 1152 369 1216 inoculatio
392 1171 554 1234 concursu,
584 1153 650 1216 mm
673 1151 820 1235 puclaa.
836 1151 947 1216 studia
975 1152 1290 1234 frequentabatur.

205 1257 267 1324 An.
277 1256 324 1322 VI
336 1256 357 1323 5
370 1254 458 1344 (11),
476 1259 491 1322 1
507 1280 573 1344 seq.
585 1259 667 1325 cod:
689 1259 770 1324 emm
785 1256 874 1324 Catia
886 1257 1078 1324 Mesalum
1094 1259 1291 1324 melmae

109 1367 260 1448 cuiusque
282 1366 449 1430 scaenicae
470 1370 576 1432 anaor
600 1386 689 1448 ecquo
711 1366 879 1430 inveterata
908 1366 1040 1449 incubita,
1070 1366 1124 1430 ubi
1147 1366 1291 1448 pinnen

108 1473 249 1554 facultas
271 1473 355 1557 data,
377 1473 523 1555 arquitur
539 1474 687 1556 pleraque
705 1471 737 1538 Ο.
753 1470 915 1538 Cameren
933 1474 1024 1555 quasi
1040 1474 1157 1538 incerta
1176 1468 1227 1558 (B.
1240 1471 1289 1536 in·

111 1576 237 1666 costae)
268 1581 428 1646 virilitates
462 1585 502 1666 ct,
531 1601 602 1646 curn
630 1581 680 1646 die
709 1580 811 1645 natali
834 1579 994 1662 Anquctae
1021 1581 1102 1646 inter
1123 1579 1290 1649 waes

114 1688 306 1772 epularetur,
339 1688 549 1754 novendialem
579 1708 648 1753 earn
676 1707 783 1753 muru
813 1687 935 1754 cause.
980 1684 1090 1754 Mendi
1118 1683 1292 1752 manifesta

119 1797 170 1858 est
190 1815 251 1859 vox
275 1794 434 1860 incerta.
480 1792 659 1880 Nipperdei
682 1792 858 1879 sententia,
882 1816 947 1878 qua
969 1793 1127 1860 incertam
1151 1792 1288 1858 virilita-

120 1905 186 1966 tem
214 1899 383 1986 Caligulae
413 1901 498 1966 serio
529 1900 614 1966 obici
643 1923 709 1968 non
739 1900 885 1986 potuisse
915 1900 1134 1985 contenditur,
1164 1899 1242 1985 quia
1271 1921 1290 1964 a

118 2005 285 2092 Suetonio,
309 2006 377 2074 (lal.
398 2009 441 2074 36
464 2009 512 2074 ite
542 2007 724 2094 descriptus
754 2010 855 2092 esset,
882 2011 921 2072 ut
948 2007 1092 2074 incertae
1119 2006 1289 2072 virilitatis

114 2114 302 2202 obiurgium
329 2116 426 2201 plane
455 2114 602 2200 ineptum
631 2115 763 2200 fuisset,
800 2115 880 2180 haec
910 2114 1072 2180 sententia
1099 2112 1290 2199 infringitur

111 2221 275 2307 particula
299 2221 426 2308 quasi,
449 2243 514 2307 qua
536 2223 648 2288 fictum
670 2221 772 2288 fuisse
796 2221 878 2287 illud
900 2220 1111 2306 opprobrium
1135 2220 1216 2286 satis
1239 2220 1287 2285 in·

110 2330 241 2395 dicatur
273 2327 328 2417 (cf.
359 2327 481 2394 Herm.
510 2329 638 2414 Hahn,
668 2331 704 2394 de
729 2329 961 2412 partuularurn
993 2328 1102 2410 quasi
1133 2332 1162 2392 et
1192 2327 1290 2392 uelut

109 2458 172 2502 cau
198 2436 268 2502 Tac.
289 2460 320 2521 p.
335 2436 378 2502 35
398 2435 507 2502 Goett.
529 2433 641 2522 1877).
685 2434 754 2501 Alii
776 2434 925 2500 sufficere
950 2433 1207 2500 emendationem
1230 2433 1287 2498 in·

109 2549 245 2610 certae
268 2543 420 2609 arbitrati
444 2543 679 2610 coniunxerunt
701 2542 891 2628 pleraque
920 2562 992 2606 oum
1022 2542 1121 2607 verbo
1152 2538 1288 2625 argui·

109 2657 177 2716 tur
200 2673 239 2716 ex
258 2650 412 2736 analogia
431 2648 573 2716 Graecae
593 2647 743 2715 dictionis
763 2644 889 2714 πολλὰ
910 2647 1144 2732 ἐλέγχεσθαι
1164 2652 1197 2712 et
1216 2647 1288 2712 coll.

107 2758 193 2823 locis
209 2755 270 2824 Am
282 2757 329 2824 IV
344 2759 401 2842 28,
418 2758 474 2821 14:
495 2757 581 2837 (alsa
603 2758 795 2842 murman,
818 2761 931 2822 nostro
953 2755 989 2821 in
1004 2776 1072 2840 cap.
1087 2754 1108 2819 l.
1123 2754 1157 2820 8:
1180 2759 1289 2820 cunda

109 2865 321 2930 revincebatur
343 2868 377 2929 et
391 2885 421 2949 q.
437 2886 462 2928 s.
499 2861 562 2929 Sed
585 2884 657 2928 oum
676 2863 876 2949 pleraque,
899 2862 927 2928 si
944 2862 993 2928 ita
1011 2884 1084 2927 cum
1104 2861 1289 2946 arguitur

112 2970 332 3059 coniungitur,
353 2971 401 3036 nil
418 2968 483 3035 nisi
501 2969 535 3034 id
553 2969 726 3056 significet,
747 2970 911 3054 permulta
934 2968 1094 3034 eiusmodi
1112 2968 1289 3054 opprobria

114 3078 228 3145 iecisse
253 3076 384 3144 Cottam
414 3077 449 3142 in
472 3075 658 3163 Gaesarem,
690 3077 744 3140 vix
773 3076 884 3142 evadit
910 3077 1015 3142 bonus
1047 3097 1175 3161 sensus3
1202 3076 1289 3142 male

113 3186 200 3250 euim
224 3185 394 3270 sequentia
416 3184 622 3269 epexegetioe
650 3183 692 3248 ad
718 3184 908 3269 pleraque
938 3181 1110 3250 adduntur.
1155 3183 1226 3260 Qua
1253 3206 1288 3248 re

110 3293 212 3358 etiam
235 3291 449 3357 Freinshemii
473 3289 657 3356 coniectura
679 3290 866 3375 ingeniosa,
894 3313 957 3375 qus
985 3289 1117 3376 scripsit
1144 3290 1289 3373 arquitur

103 3400 256 3482 pleraque
276 3399 416 3465 'Gaiam
441 3395 498 3485 (sc.
522 3395 656 3484 dixisse)
687 3395 884 3462 Gaesarem
913 3400 990 3482 etq.
1006 3419 1030 3462 s.
1054 3394 1177 3484 (Ritter
1203 3396 1288 3460 1864

111 3507 250 3572 Gaiam
275 3505 308 3572 Ο.
335 3504 547 3576 Gaesarem)
574 3503 716 3570 reicitur.
760 3501 949 3590 Nipperdey
972 3507 1006 3570 et
1031 3502 1145 3588 Halm,
1168 3501 1288 3568 Mureti

110 3611 374 3679 emendationem
398 3613 515 3698 secuti,
541 3611 817 3698 praepositionem
844 3611 883 3676 in
912 3615 988 3676 ante
1016 3609 1051 3676 Ο.
1080 3607 1288 3676 Caesarem

110 3722 146 3785 in
177 3723 302 3786 textum
331 3724 534 3804 receperunt,
562 3720 609 3785 ite
639 3724 677 3784 ut
704 3719 839 3784 verbum
865 3717 997 3784 dicere
1028 3717 1093 3782 alio
1121 3737 1218 3782 sensu
1247 3715 1289 3782 ad

111 3828 295 3892 membrum
332 3825 437 3912 prius,
474 3827 539 3892 alio
577 3826 617 3891 ad
659 3827 798 3891 alterum
836 3823 951 3890 referri
988 3824 1104 3889 debeat
1138 3819 1191 3909 (cf.
1224 3822 1287 3887 An.

111 3933 147 3999 Π
157 3934 307 4020 anosop.
319 3933 405 4021 126).
433 3932 497 3999 Sed
512 3933 567 3998 vix
581 3933 715 4018 pulchre
734 3932 853 3998 dicitur
866 3932 1012 4014 pleraque
1025 3932 1059 3996 in
1075 3925 1108 3995 U.
1127 3927 1288 3996 Caesarem

110 4043 203 4124 qnasi
230 4044 361 4106 incertae
387 4041 547 4106 uirilitatis
573 4041 687 4106 cause
714 4041 874 4123 arquitur,
904 4059 978 4102 cum
1007 4037 1103 4123 plane
1133 4035 1216 4101 nihil
1247 4036 1288 4101 ad

110 4169 181 4213 rem
218 4148 324 4232 ipsam
359 4147 505 4232 intersit,
545 4150 656 4211 utrum
698 4146 802 4210 multa
838 4167 881 4211 an
912 4165 1015 4230 panea
1049 4143 1087 4208 de
1116 4141 1287 4228 Caligulae

112 4253 271 4320 virilitate
300 4253 419 4320 dixerit
443 4252 554 4338 (lotta3
582 4252 726 4318 criminis
755 4253 841 4317 enim
864 4273 991 4316 summa
1013 4251 1152 4328 vertitur
1178 4249 1213 4314 in
1239 4271 1287 4335 eo,

112 4360 200 4448 quod
215 4360 346 4426 omnino
360 4363 423 4428 hoc
436 4361 522 4427 fecit.
555 4357 750 4446 corruptum
765 4358 847 4424 mihi
861 4358 989 4423 videtur
1007 4380 1069 4422 vox
1088 4357 1286 4444 pleraque,

111 4471 146 4536 in
179 4490 244 4555 quo
277 4469 359 4536 latet
391 4469 530 4535 fortasse
564 4468 697 4534 verbum
730 4464 876 4552 aliquod,
912 4468 967 4531 ut:
1003 4463 1288 4552 perstrinxisse
