3242 5284
139 617 269 704 obliqua
283 618 488 684 coniunctivo
503 620 710 687 adhortative
721 621 924 688 conformata
932 622 1109 688 invenitur:
1124 622 1154 688 H
1157 623 1189 688 ,Ι
1200 623 1251 708 41,
1264 624 1305 688 10

132 727 238 809 plnres
255 725 396 792 obtnb'sse
412 727 493 793 nitro
508 729 739 812 pensentur
758 729 914 812 inpetum:
937 734 1060 812 sperent
1072 750 1109 796 ac
1123 729 1258 814 fntrent,
1276 731 1306 795 εἰ

137 835 182 898 itu
203 855 219 898 e
240 834 415 918 republica
437 835 595 902 videretur.

225 938 396 1007 Notandns
420 945 470 1008 est
492 942 583 1007 locus
607 941 668 1009 An.
682 941 730 1008 IV
744 943 797 1028 55,
815 944 923 1028 13J14:
946 944 1014 1010 cod.
1042 943 1246 1027 Perpennenos
1268 966 1302 1009 ec

137 1049 201 1132 ipso
223 1048 398 1113 nitebannr
423 1049 497 1114 aede
519 1049 659 1133 Anno
686 1051 730 1114 nn·
758 1052 852 1116 sitam
879 1053 955 1116 sotr's
981 1053 1103 1134 adeptos
1125 1049 1306 1118 nedtnnn.“

136 1153 284 1219 Priorum
308 1155 470 1222 editorum
494 1156 679 1242 explicatio,
702 1179 767 1241 qna
789 1156 888 1222 verbe
910 1159 1025 1222 nostra
1048 1157 1136 1224 dicte
1158 1180 1229 1224 esse
1248 1181 1302 1224 vo-

136 1261 264 1326 luerunt
290 1283 350 1346 pro
374 1262 577 1345 Perpornenos
599 1259 647 1345 (eo
674 1265 740 1347 *ipso
762 1263 951 1344 nitebuntnr)
973 1266 1077 1330 oedem
1091 1315 1117 1331 ..
1130 1267 1224 1331 sitam
1248 1263 1305 1352 (sc.

136 1365 284 1455 adeptos)
311 1371 388 1435 cates
408 1372 532 1454 adeptos
553 1391 615 1436 esse
636 1372 795 1448 credt'tnm,
823 1370 1029 1437 artificiosior
1056 1376 1119 1458 est,
1147 1395 1244 1459 quam
1268 1378 1305 1438 ut

136 1473 168 1540 in
197 1497 270 1540 eam
304 1477 486 1544 accuratius
518 1477 730 1564 inquiramus.
775 1477 920 1564 Lipsius,
957 1499 1052 1563 quem
1092 1480 1196 1545 secuti
1227 1484 1304 1546 sunt

136 1581 246 1668 Helm,
276 1581 478 1670 Nipperdey,
514 1583 629 1670 Orelli,
667 1585 824 1671 Draeger,
862 1585 993 1671 scripsit
1022 1585 1226 1670 Perpnmenos
1255 1585 1303 1670 (eo

137 1692 197 1774 'noso
227 1691 420 1775 nitebantur)
450 1693 523 1758 cede
549 1727 593 1738 --
621 1693 689 1758 situ
725 1697 802 1758 sutts
839 1693 962 1776 adeptos
993 1693 1157 1772 cratim,-
1189 1716 1302 1760 sensus

140 1798 285 1882 quadrat3
317 1799 373 1864 sed
405 1799 608 1885 parenthesis
640 1799 816 1864 violentius
848 1798 1007 1865 orationis
1039 1823 1169 1866 cursum
1200 1800 1300 1867 inter·

140 1906 257 1992 rumpit
278 1928 383 1990 neque
406 1906 501 1972 facile
523 1905 742 1993 intellegitur,
765 1928 830 1990 quc
850 1906 978 1972 ratione
1001 1909 1186 1994 corruptela
1214 1910 1302 1974 aede-

136 2013 226 2078 st'tum
252 2017 326 2078 orta
350 2013 402 2079 sit.
449 2011 536 2078 Vera
562 2013 644 2079 mihi
674 2012 804 2078 ridetur
830 2012 951 2078 Ritteri
979 2015 1164 2081 emendatio
1187 2015 1303 2099 Perpa-

134 2141 232 2186 nenos
247 2141 281 2185 eo
295 2140 363 2203 qno
376 2122 442 2204 ipso
455 2121 638 2203 nitebantur,
656 2121 893 2206 oedem-sitnm,
910 2122 986 2186 sotis
1005 2123 1128 2206 adeptos
1141 2124 1303 2198 creditum

134 2227 285 2294 similiter
302 2227 412 2293 Haase
431 2229 561 2314 scripsit
580 2229 784 2311 Perpamenos
801 2249 871 2310 qno
888 2229 954 2312 ipso
973 2229 1147 2294 nitebantur
1170 2233 1203 2294 et
1218 2251 1248 2313 q.
1263 2251 1302 2294 s:

133 2333 339 2420 Pergamenii
357 2335 443 2400 enim
463 2340 500 2400 ut
515 2357 637 2400 novum
655 2335 814 2420 templum
832 2334 864 2399 in
885 2335 952 2400 suis
966 2336 1086 2402 finibus
1105 2339 1303 2401 statueretur

131 2442 300 2526 postulare
323 2463 419 2526 posse
448 2441 599 2507 arbitrati
629 2447 719 2527 sunt,
749 2441 826 2526 quie
854 2443 966 2508 aedem
995 2442 1146 2529 Augusto
1177 2464 1301 2508 sacram

131 2549 193 2613 iam
232 2548 445 2634 possiderent.
499 2548 608 2614 Verba
638 2549 742 2634 igitur
773 2549 1058 2615 aedem-sitam
1095 2550 1302 2635 epexegetice

131 2649 244 2722 riddita
267 2661 344 2722 sunt
361 2657 402 2721 ad
421 2657 625 2722 enuntiatum
646 2677 703 2741 eo,
732 2677 804 2740 quo
827 2656 1075 2742 nitebantur,
1097 2657 1300 2722 accusativus

131 2771 162 2828 et
190 2763 376 2830 infinitivus
400 2763 683 2830 aedem-sitam
711 2785 758 2828 sc
789 2784 876 2828 esse
905 2763 1026 2848 pendet
1056 2786 1093 2828 ex
1124 2763 1223 2828 verbo
1255 2763 1300 2828 di·

130 2873 240 2957 cendi,
263 2871 348 2957 quod
371 2871 454 2937 latet
476 2871 511 2936 in
532 2870 665 2936 notione
688 2869 929 2935 nitebantur.

194 3124 235 3178 B.
264 3121 319 3177 Ex
337 3122 443 3177 verbo
462 3119 695 3191 praedicativo
715 3119 888 3175 enuntiati
906 3118 1063 3190 primarii
1082 3133 1153 3175 non
1175 3121 1233 3175 ab·

195 3220 313 3276 solute
334 3219 448 3290 posito
471 3219 602 3290 pendet
624 3218 846 3274 enuntiatum
864 3216 1123 3284 secundarium
1153 3218 1235 3273 dein

194 3318 358 3390 sequitur
392 3316 612 3388 epexegetice
643 3316 754 3372 oratic
783 3316 925 3387 obliqua
961 3317 1005 3372 ab
1037 3316 1234 3372 accusativo

194 3432 226 3474 c.
241 3416 303 3475 int.
325 3416 511 3486 incipiens,
534 3429 624 3485 quae
646 3414 787 3471 omnino
810 3429 882 3471 non
899 3416 1029 3484 pendet
1058 3427 1104 3470 ex
1127 3415 1234 3470 verbo

195 3515 371 3572 enuntiati
393 3513 560 3585 primarii,
583 3514 646 3569 sed
668 3526 712 3569 ex
736 3515 841 3569 verbo
861 3513 1066 3584 supplendo,
1090 3525 1159 3583 quo
1183 3510 1257 3569 in·'

252 3613 388 3670 dicetur
411 3613 466 3684 agi
489 3614 533 3669 de
556 3611 822 3682 cogitationibus
844 3625 1014 3682 personae
1037 3610 1182 3680 agentis.

218 3729 465 3795 Praemittenda
486 3733 564 3794 sunt
584 3728 678 3794 haee:

220 3822 335 3903 Oratio
358 3836 492 3921 obliqua
515 3836 676 3922 particula
699 3835 822 3901 causali
846 3831 967 3921 (nam,
990 3834 1108 3920 enim,
1135 3823 1300 3919 qnippe)

130 3945 316 4011 adnectitur
346 3943 625 4028 antecedentibus,
657 3943 855 4008 cotidianum
884 3945 947 4028 est3
975 3942 1085 4026 itaque
1113 3961 1217 4026 pauca
1246 3940 1301 4004 ad·
1374 3931 1379 3938 ’

130 4053 273 4119 scribam
297 4051 445 4135 exempla
468 4073 506 4116 ex
531 4050 703 4115 annalibus
727 4054 874 4134 sumpta:
1264 4086 1266 4092 ι

220 4176 319 4224 nam:
343 4158 405 4224 An.
418 4157 435 4222 Ι
448 4159 534 4243 48,7
558 4178 590 4223 se
611 4159 693 4241 eptos
715 4159 807 4222 morti
828 4158 966 4222 eniteant
986 4155 1142 4231 hortatum
1169 4175 1244 4219 eram
1266 4156 1301 4218 tn

123 4289 204 4352 pace
227 4287 336 4332 consus
359 4270 387 4330 et
408 4267 517 4330 merita
539 4267 687 4348 spectum
705 4299 738 4312 -
765 4264 871 4349 1163,
888 4264 908 4328 3
928 4286 1007 4348 seq.:
1034 4263 1158 4346 sennen
1181 4261 1300 4326 Teberc'o

129 4397 194 4441 non
217 4379 252 4439 nt
266 4374 420 4457 proserpens
434 4421 458 4436 ..
467 4423 477 4458 ,
498 4374 552 4438 sed
572 4393 610 4437 en
628 4373 776 4436 neemcreb
787 4371 907 4455 prino
922 4372 1081 4452 fortunae:
1104 4359 1179 4433 none
1197 4369 1302 4434 mnttts

129 4481 307 4548 nattcnrbus
329 4480 536 4546 clarnnmnnn
558 4481 712 4563 nondam
737 4499 837 4562 nepem
859 4479 903 4544 ad
915 4498 960 4543 sc
989 4477 1163 4542 nocnttbns
1186 4475 1300 4542 Rornass
