3242 5284
603 484 822 548 ..37-

218 645 248 708 2.
271 644 396 708 altera
425 644 463 708 in
494 643 777 709 sententiarum
808 643 1060 730 integritate,
1094 646 1296 712 verborum

134 751 289 834 quedam
312 750 586 816 imminutione
609 750 672 816 vel
695 750 949 818 detractione:
972 751 1006 816 id
1030 753 1116 837 quod
1139 753 1296 819 omissum

132 860 191 942 est,
214 856 277 920 etsi
299 879 365 920 non
387 878 537 941 expresse
559 857 687 943 dicitur,
704 862 814 924 tamen
833 858 899 922 alia
917 859 1043 925 ratione
1066 859 1240 946 indicatur,
1258 865 1296 926 ut

132 962 279 1042 quidhoc
300 965 343 1029 ad
363 983 425 1040 me?
447 964 705 1049 intellegendum
728 987 798 1032 esse
821 969 931 1032 adiacet
953 967 1174 1053 unusquisque
1193 968 1295 1055 videt3

132 1070 235 1136 omitti
257 1070 380 1157 potuit,
403 1071 488 1156 quod
519 1073 682 1138 cotidiana
704 1073 830 1139 dicendi
853 1074 1086 1139 consuetudine
1109 1075 1190 1139 satia
1213 1075 1295 1139 indi-

131 1177 193 1242 cari
211 1178 369 1243 omissum
387 1180 658 1262 praesumendum
676 1179 749 1246 fuit
786 1180 824 1246 cf.
839 1203 889 1264 ap.
907 1179 1018 1247 Graec.
1040 1180 1075 1246 τί
1094 1182 1193 1246 τοῦτο
1211 1178 1296 1267 πρὸς

130 1283 194 1370 ἐμή
212 1308 262 1371 ap.
273 1285 343 1352 Lat.
355 1285 428 1350 doce
440 1306 549 1372 seeum,
568 1287 641 1376 alia.
673 1287 745 1352 list
763 1291 891 1353 autem
908 1287 1001 1353 haec
1018 1310 1109 1353 vera
1128 1288 1293 1374 ellipsis.

212 1393 241 1457 3.
265 1392 388 1458 tertia
411 1393 449 1458 in
472 1395 756 1460 sententiarum
780 1399 818 1460 et
848 1395 1054 1460 verborum
1086 1397 1197 1481 quasi
1227 1397 1293 1462 ab·

130 1499 388 1586 truncatione,
415 1501 436 1567 i.
459 1523 485 1567 e.
509 1502 765 1587 aposiopesis:
789 1501 1132 1586 cf.Aristophanicum
1154 1503 1250 1589 illud,
1273 1501 1293 1588 ἡ

130 1599 238 1688 plaic&
250 1601 625 1692 ὀμώμοκ’-Αἱσχυλον
641 1603 875 1694 δῗαίρήσομαι,
899 1611 933 1674 et
948 1608 1190 1694 Vergilianum:
1218 1630 1293 1690 quos

132 1716 290 1796 epo—scd
310 1697 411 1780 mous'
423 1721 567 1798 praestat
588 1734 762 1800 componere
783 1715 906 1796 [lactas.

208 1821 417 1887 Hermannus
442 1823 483 1887 ad
500 1821 608 1907 Viger.
625 1847 656 1908 p.
671 1823 735 1888 869
755 1824 1063 1889 commentationem
1080 1846 1178 1909 quam
1195 1826 1291 1890 modo

136 1929 334 1994 inolevimus
357 1930 512 2015 repetivit
533 1929 700 2016 praefatus
724 1929 764 1996 de
787 1930 980 1997 idiomatum
1002 1931 1130 2011 formis,
1153 1954 1292 2018 quorum

132 2057 216 2100 unam
244 2037 371 2102 versari
403 2041 513 2102 censet
539 2036 573 2102 in
602 2037 659 2116 iis,
689 2060 772 2124 quae
802 2042 931 2124 praeter
959 2039 1126 2105 naturales
1159 2039 1291 2124 linguae

128 2141 207 2226 leges
226 2165 290 2208 usu
310 2143 495 2210 introducta
517 2145 599 2229 sint;
622 2145 740 2229 quibus
762 2145 1038 2211 adnumerandam
1062 2169 1132 2211 esse
1152 2146 1291 2232 ellipsin.

127 2245 184 2313 Sed
213 2251 283 2316 iam
306 2249 361 2318 Fr.
385 2250 525 2337 Haase,
562 2251 767 2335 Vorlcsueyen
803 2253 876 2316 tiber
913 2252 1015 2318 tatem
1047 2252 1289 2336 Spractwissen-

125 2355 224 2443 scluost,
248 2357 299 2424 ed.
314 2356 348 2421 F.
365 2357 402 2422 A.
410 2357 576 2445 Eckstein,
589 2357 697 2444 Leipa.
716 2357 946 2444 1874v01.1p.
962 2358 1289 2426 202=fundemeutum

124 2461 194 2528 huic
215 2463 401 2529 Hermanui
424 2464 589 2531 doctrinae
613 2466 787 2532 subtraxit:
810 2467 921 2532 docuit
944 2466 1040 2553 enim,
1062 2467 1096 2531 in
1119 2489 1181 2532 usu
1203 2469 1289 2553 posi-

124 2573 187 2636 tam
224 2593 298 2637 esse
334 2571 466 2657 linguae
503 2573 610 2658 legem
640 2595 678 2638 ae
707 2573 869 2639 rationem
898 2596 1003 2660 neque
1033 2597 1128 2640 usum
1160 2578 1289 2660 praeter

122 2679 285 2744 naturales
309 2678 440 2765 linguae
467 2680 557 2765 leges
587 2702 692 2766 neque
719 2682 779 2746 has
806 2685 937 2766 praeter
963 2703 1058 2746 usum
1087 2703 1183 2768 posse
1213 2703 1287 2746 eon-

76 2807 80 2817 *
120 2783 260 2851 formari.
306 2787 444 2872 Itaque
468 2785 627 2872 ellipsis
650 2810 724 2854 uon
748 2793 808 2854 est
829 2788 974 2854 idioma
997 2789 1158 2875 linguae
1180 2788 1286 2874 legi-

121 2891 186 2958 bus
218 2893 462 2979 oppositum‚
495 2893 559 2959 sed
592 2894 744 2960 dicendi
775 2895 901 2961 forma
932 2918 976 2961 ex
1011 2896 1095 2982 ipso
1128 2895 1287 2983 linguae

119 2997 278 3088 ingenio
320 3022 361 3066 ac
399 2999 529 3066 indole
569 3005 669 3068 nata.
694 3001 884 3068 -Ibidem
920 3001 1030 3068 Haase
1066 3002 1287 3069 definitionem

120 3107 281 3194 ellipaeoa,
304 3131 402 3193 quam
416 3107 621 3174 Hermannus
644 3109 816 3196 proposuit
839 3109 945 3174 verbis
964 3109 1080 3193 clipeis
1098 3116 1142 3175 est
1161 3111 1286 3176 omissio

118 3215 257 3282 vocabuli
280 3217 369 3301 qaod,
391 3215 447 3281 etsi
468 3236 531 3280 noa
553 3214 677 3300 dicium,
701 3221 803 3281 tamea
821 3215 978 3302 cogitetur,
1001 3216 1067 3281 fere
1085 3221 1123 3282 ut
1141 3218 1285 3303 ineptam

118 3320 242 3389 abicere
266 3323 406 3408 studuit,
433 3322 510 3406 quia
532 3321 615 3387 nihil
638 3323 778 3408 cogitari
801 3329 927 3409 posset,
957 3323 1042 3408 quod
1074 3323 1197 3389 dictum
1220 3346 1285 3389 non

118 3436 200 3496 esset
215 3431 323 3496 autin
337 3430 423 3514 quod
438 3429 503 3494 alia
517 3429 643 3495 ratione
657 3430 738 3515 ipsis
753 3430 916 3517 loquentis
930 3430 1039 3496 verbis
1052 3430 1284 3496 induceremur.

117 3534 219 3622 Supra
246 3561 277 3625 p.
294 3537 337 3603 35
355 3560 379 3602 s.
403 3536 470 3602 iam
502 3537 796 3604 demonstravimus
832 3539 866 3603 id
895 3539 1019 3624 ipsum,
1056 3536 1142 3621 quod
1176 3535 1284 3602 Haase

117 3643 293 3730 desideret,
323 3666 394 3708 esse
417 3644 458 3709 ab
488 3643 676 3710 Hermanno
707 3646 745 3711 de
776 3644 883 3730 ellipsi
911 3649 1130 3730 praeceptum.
1175 3643 1284 3709 Haase

116 3751 184 3817 sola
214 3751 403 3817 defiuitione
434 3751 615 3817 Hermanni
646 3753 849 3818 considerata
882 3751 990 3818 verbis
1027 3751 1096 3816 eins
1131 3751 1283 3836 deceptus

115 3862 171 3922 est.
218 3857 376 3924 Attamen
402 3857 518 3924 Haesii
546 3858 877 3925 animadversionibus
906 3859 1107 3943 adducimur,
1135 3861 1173 3923 ut
1200 3858 1282 3922 iudi-

115 3985 222 4030 cemus
253 3963 433 4031 Hermemni
463 3965 702 4052 definitionem,
733 3967 809 4053 quia
841 3989 912 4031 eam
942 3989 1026 4051 rem,
1056 3988 1120 4050 qua
1152 3966 1283 4051 proprie

114 4071 244 4159 nititur,
274 4073 399 4139 scilicet
428 4074 465 4137 ut
494 4072 544 4158 id,
574 4073 660 4157 quod
697 4074 820 4139 dictum
847 4095 914 4139 non
943 4074 1003 4158 sit,
1032 4077 1143 4138 tamen
1172 4072 1308 4167 eliqua!

114 4179 239 4244 ratione
266 4180 442 4266 indicetur,
469 4179 565 4264 plane
588 4179 736 4266 omittat,
765 4202 829 4245 non
858 4202 928 4245 esse
952 4179 1189 4264 definitionem,
1217 4180 1282 4246 nisi

113 4284 192 4350 haec
216 4286 361 4352 condicio
385 4307 535 4372 expresse
558 4286 593 4350 in
616 4308 687 4352 eam
710 4286 898 4372 recipiatur3
927 4309 1005 4352 nam
1031 4286 1065 4350 id
1092 4292 1143 4351 est
1171 4284 1282 4352 defini-

113 4391 240 4457 tionum
263 4395 441 4479 proprium‚
463 4397 501 4458 ut
523 4414 582 4459 nec
603 4395 678 4478 plus
701 4416 760 4460 nec
782 4393 889 4459 minus
918 4393 1040 4478 dicant,
1068 4415 1165 4478 quam
1195 4395 1280 4479 quod

113 4521 163 4564 res
194 4500 376 4566 definienda
404 4500 560 4586 postulat.
605 4501 721 4587 ltaque
750 4499 931 4567 Hermanui
959 4499 1181 4566 definitionem
1210 4524 1280 4572 mu-
