<?xml version="1.0" encoding="UTF-8"?>
<!DOCTYPE html PUBLIC "-//W3C//DTD XHTML 1.0 Transitional//EN"
    "http://www.w3.org/TR/xhtml1/DTD/xhtml1-transitional.dtd">
<html xmlns="http://www.w3.org/1999/xhtml" xml:lang="en" lang="en">
 <head>
  <title>
</title>
<meta http-equiv="Content-Type" content="text/html;charset=utf-8" />
  <meta name='ocr-system' content='tesseract 3.04.00' />
  <meta name='ocr-capabilities' content='ocr_page ocr_carea ocr_par ocr_line ocrx_word'/>
</head>
<body>
  <div class='ocr_page' id='page_1' title='image "./debreviloquenti00clemgoog_0027.png"; bbox 0 0 3268 5280; ppageno 0'>
   <div class='ocr_carea' id='block_1_1' title="bbox 717 525 981 589">
    <p class='ocr_par' dir='ltr' id='par_1_1' title="bbox 717 525 981 589">
     <span class='ocr_line' id='line_1_1' title="bbox 717 525 981 589; baseline -0.015 -13"><span class='ocrx_word' id='word_1_1' title='bbox 717 525 981 589; x_wconf 79' lang='grc'>.-14-</span> 
     </span>
    </p>
   </div>
   <div class='ocr_carea' id='block_1_2' title="bbox 285 677 1465 3226">
    <p class='ocr_par' dir='ltr' id='par_1_2' title="bbox 285 677 1462 2051">
     <span class='ocr_line' id='line_1_2' title="bbox 286 677 1462 772; baseline -0.003 -23"><span class='ocrx_word' id='word_1_2' title='bbox 286 708 317 770; x_wconf 88' lang='lat' dir='ltr'><em>p.</em></span> <span class='ocrx_word' id='word_1_3' title='bbox 333 684 398 750; x_wconf 82' lang='grc'><em>702</em></span> <span class='ocrx_word' id='word_1_4' title='bbox 422 682 573 772; x_wconf 80' lang='lat' dir='ltr'>Spengel.</span> <span class='ocrx_word' id='word_1_5' title='bbox 589 685 640 750; x_wconf 89' lang='lat'><em>111</em></span> <span class='ocrx_word' id='word_1_6' title='bbox 661 685 739 770; x_wconf 78' lang='lat'>178,</span> <span class='ocrx_word' id='word_1_7' title='bbox 762 681 797 770; x_wconf 80' lang='lat'><em>3)</em></span> <span class='ocrx_word' id='word_1_8' title='bbox 815 684 928 770; x_wconf 80' lang='lat' dir='ltr'><strong>paullo</strong></span> <span class='ocrx_word' id='word_1_9' title='bbox 951 683 1082 749; x_wconf 87' lang='lat' dir='ltr'><strong>uberius</strong></span> <span class='ocrx_word' id='word_1_10' title='bbox 1102 683 1208 749; x_wconf 88' lang='lat' dir='ltr'><strong>doeet:</strong></span> <span class='ocrx_word' id='word_1_11' title='bbox 1230 677 1462 765; x_wconf 86' lang='grc' dir='ltr'><em>ἀποσιῶπησίς</em></span> 
     </span>
     <span class='ocr_line' id='line_1_3' title="bbox 287 785 1459 876; baseline -0.003 -19"><span class='ocrx_word' id='word_1_12' title='bbox 287 789 356 858; x_wconf 80' lang='grc' dir='ltr'><em>ἐστι</em></span> <span class='ocrx_word' id='word_1_13' title='bbox 390 787 491 874; x_wconf 92' lang='grc' dir='ltr'><em>λόγος</em></span> <span class='ocrx_word' id='word_1_14' title='bbox 528 793 742 876; x_wconf 77' lang='grc' dir='ltr'><strong><em>παραλείπων</em></strong></span> <span class='ocrx_word' id='word_1_15' title='bbox 774 786 813 858; x_wconf 88' lang='grc' dir='ltr'><em>τὸ</em></span> <span class='ocrx_word' id='word_1_16' title='bbox 850 785 1121 876; x_wconf 73' lang='grc' dir='ltr'><em>γιγνωσκόμενον</em></span> <span class='ocrx_word' id='word_1_17' title='bbox 1159 788 1215 856; x_wconf 81' lang='grc' dir='ltr'><em>καὶ</em></span> <span class='ocrx_word' id='word_1_18' title='bbox 1249 790 1387 857; x_wconf 79' lang='grc' dir='ltr'><em>σιωπῶν</em></span> <span class='ocrx_word' id='word_1_19' title='bbox 1420 785 1459 855; x_wconf 87' lang='grc' dir='ltr'><em>τὸ</em></span> 
     </span>
     <span class='ocr_line' id='line_1_4' title="bbox 287 890 1461 983; baseline -0.003 -20"><span class='ocrx_word' id='word_1_20' title='bbox 287 893 441 983; x_wconf 82' lang='grc' dir='ltr'><em>αἰσχρόν·</em></span> <span class='ocrx_word' id='word_1_21' title='bbox 479 898 532 964; x_wconf 78' lang='grc' dir='ltr'><em>δεῖ</em></span> <span class='ocrx_word' id='word_1_22' title='bbox 561 893 625 982; x_wconf 82' lang='grc' dir='ltr'><em>γὰρ</em></span> <span class='ocrx_word' id='word_1_23' title='bbox 658 893 738 983; x_wconf 86' lang='grc' dir='ltr'><em>μετά</em></span> <span class='ocrx_word' id='word_1_24' title='bbox 769 899 838 964; x_wconf 88' lang='grc' dir='ltr'><em>τῶν</em></span> <span class='ocrx_word' id='word_1_25' title='bbox 869 893 983 964; x_wconf 87' lang='grc' dir='ltr'><em>ἀλλων</em></span> <span class='ocrx_word' id='word_1_26' title='bbox 1014 895 1071 964; x_wconf 83' lang='grc' dir='ltr'><em>καὶ</em></span> <span class='ocrx_word' id='word_1_27' title='bbox 1101 899 1201 964; x_wconf 86' lang='grc' dir='ltr'><em>τοῦτο</em></span> <span class='ocrx_word' id='word_1_28' title='bbox 1229 908 1365 963; x_wconf 92' lang='grc' dir='ltr'><em>σκοπεῖν</em></span> <span class='ocrx_word' id='word_1_29' title='bbox 1397 890 1461 961; x_wconf 87' lang='grc' dir='ltr'><em>τὸν</em></span> 
     </span>
     <span class='ocr_line' id='line_1_5' title="bbox 285 994 1460 1090; baseline -0.002 -20"><span class='ocrx_word' id='word_1_30' title='bbox 285 1001 476 1090; x_wconf 82' lang='grc' dir='ltr'><em>γράφοντα,</em></span> <span class='ocrx_word' id='word_1_31' title='bbox 498 999 581 1072; x_wconf 87' lang='grc' dir='ltr'><em>ῶστε</em></span> <span class='ocrx_word' id='word_1_32' title='bbox 608 999 653 1089; x_wconf 82' lang='grc' dir='ltr'><em>μὴ</em></span> <span class='ocrx_word' id='word_1_33' title='bbox 677 1005 823 1089; x_wconf 77' lang='grc' dir='ltr'><em>μολῦναι</em></span> <span class='ocrx_word' id='word_1_34' title='bbox 849 1000 923 1088; x_wconf 81' lang='grc' dir='ltr'><em>τὴν.</em></span> <span class='ocrx_word' id='word_1_35' title='bbox 940 1006 1090 1089; x_wconf 90' lang='grc' dir='ltr'><em>γλῶτταν</em></span> <span class='ocrx_word' id='word_1_36' title='bbox 1117 999 1138 1089; x_wconf 77' lang='grc' dir='ltr'><em>ἢ</em></span> <span class='ocrx_word' id='word_1_37' title='bbox 1165 1000 1206 1070; x_wconf 85' lang='grc' dir='ltr'><em>τά</em></span> <span class='ocrx_word' id='word_1_38' title='bbox 1233 999 1410 1089; x_wconf 89' lang='grc' dir='ltr'><em>γράμματα</em></span> <span class='ocrx_word' id='word_1_39' title='bbox 1437 994 1460 1086; x_wconf 78' lang='grc' dir='ltr'><em>ἢ</em></span> 
     </span>
     <span class='ocr_line' id='line_1_6' title="bbox 286 1103 1462 1196; baseline 0 -20"><span class='ocrx_word' id='word_1_40' title='bbox 286 1110 366 1189; x_wconf 90' lang='grc' dir='ltr'><em>τοὺς</em></span> <span class='ocrx_word' id='word_1_41' title='bbox 403 1105 588 1188; x_wconf 86' lang='grc' dir='ltr'><em>ἀκούοντας</em></span> <span class='ocrx_word' id='word_1_42' title='bbox 624 1113 775 1196; x_wconf 77' lang='grc' dir='ltr'><em>αἰσχροῖς</em></span> <span class='ocrx_word' id='word_1_43' title='bbox 816 1107 930 1194; x_wconf 90' lang='grc' dir='ltr'><em>λόγοις</em></span> <span class='ocrx_word' id='word_1_44' title='bbox 1034 1103 1122 1178; x_wconf 83' lang='grc' dir='ltr'><em>οἷον·</em></span> <span class='ocrx_word' id='word_1_45' title='bbox 1158 1105 1277 1194; x_wconf 80' lang='grc' dir='ltr'><em>,,οίὺεν</em></span> <span class='ocrx_word' id='word_1_46' title='bbox 1310 1105 1462 1186; x_wconf 77' lang='grc' dir='ltr'><em>Ἐλευσὶς</em></span> 
     </span>
     <span class='ocr_line' id='line_1_7' title="bbox 286 1213 1460 1304; baseline -0.001 -21"><span class='ocrx_word' id='word_1_47' title='bbox 286 1216 469 1284; x_wconf 81' lang='grc' dir='ltr'><em>ταῦτακαὶ</em></span> <span class='ocrx_word' id='word_1_48' title='bbox 492 1219 527 1283; x_wconf 85' lang='grc' dir='ltr'><em>ολ</em></span> <span class='ocrx_word' id='word_1_49' title='bbox 550 1220 619 1284; x_wconf 89' lang='grc' dir='ltr'><em>τῶν</em></span> <span class='ocrx_word' id='word_1_50' title='bbox 641 1216 870 1304; x_wconf 82' lang='grc' dir='ltr'><em>σιωπωμένων</em></span> <span class='ocrx_word' id='word_1_51' title='bbox 892 1215 948 1283; x_wconf 81' lang='grc' dir='ltr'><em>καί</em></span> <span class='ocrx_word' id='word_1_52' title='bbox 970 1219 1096 1302; x_wconf 78' lang='grc' dir='ltr'><em>σιωπῆς</em></span> <span class='ocrx_word' id='word_1_53' title='bbox 1122 1213 1229 1294; x_wconf 82' lang='grc' dir='ltr'><em>ὄντως</em></span> <span class='ocrx_word' id='word_1_54' title='bbox 1255 1213 1359 1295; x_wconf 79' lang='grc' dir='ltr'><em>ἀξίων</em></span> <span class='ocrx_word' id='word_1_55' title='bbox 1383 1215 1460 1283; x_wconf 80' lang='grc' dir='ltr'><em>ἐπό-</em></span> 
     </span>
     <span class='ocr_line' id='line_1_8' title="bbox 286 1317 1461 1410; baseline -0.002 -20"><span class='ocrx_word' id='word_1_56' title='bbox 286 1327 401 1391; x_wconf 83' lang='grc' dir='ltr'><em>πται“·</em></span> <span class='ocrx_word' id='word_1_57' title='bbox 429 1319 486 1389; x_wconf 81' lang='grc' dir='ltr'><em>ὑιά</em></span> <span class='ocrx_word' id='word_1_58' title='bbox 507 1320 572 1410; x_wconf 83' lang='grc' dir='ltr'><em>γὰρ</em></span> <span class='ocrx_word' id='word_1_59' title='bbox 600 1326 661 1392; x_wconf 82' lang='grc' dir='ltr'><em>τοῦ</em></span> <span class='ocrx_word' id='word_1_60' title='bbox 689 1328 794 1391; x_wconf 75' lang='grc' dir='ltr'><em>εἰπεῖν</em></span> <span class='ocrx_word' id='word_1_61' title='bbox 822 1325 949 1408; x_wconf 79' lang='grc' dir='ltr'><em>σιωπῆς</em></span> <span class='ocrx_word' id='word_1_62' title='bbox 971 1320 1078 1402; x_wconf 81' lang='grc' dir='ltr'><em>ὅντως</em></span> <span class='ocrx_word' id='word_1_63' title='bbox 1099 1319 1203 1398; x_wconf 77' lang='grc' dir='ltr'><em>ἀξίων</em></span> <span class='ocrx_word' id='word_1_64' title='bbox 1227 1317 1271 1402; x_wconf 85' lang='grc' dir='ltr'><em>ῶς</em></span> <span class='ocrx_word' id='word_1_65' title='bbox 1299 1326 1461 1407; x_wconf 81' lang='grc' dir='ltr'><em>πλείστην</em></span> 
     </span>
     <span class='ocr_line' id='line_1_9' title="bbox 286 1427 1461 1519; baseline -0.002 -21"><span class='ocrx_word' id='word_1_66' title='bbox 286 1427 437 1516; x_wconf 78' lang='grc' dir='ltr'><em>ὑπέφηνε</em></span> <span class='ocrx_word' id='word_1_67' title='bbox 455 1427 517 1515; x_wconf 80' lang='grc' dir='ltr'><em>τὴν</em></span> <span class='ocrx_word' id='word_1_68' title='bbox 531 1427 632 1516; x_wconf 84' lang='grc' dir='ltr'><em>ὑβριν</em></span> <span class='ocrx_word' id='word_1_69' title='bbox 646 1430 702 1498; x_wconf 82' lang='grc' dir='ltr'><em>καὶ</em></span> <span class='ocrx_word' id='word_1_70' title='bbox 720 1427 913 1517; x_wconf 79' lang='grc' dir='ltr'><em>πρεπόντως</em></span> <span class='ocrx_word' id='word_1_71' title='bbox 932 1431 1169 1514; x_wconf 81' lang='grc' dir='ltr'><em>ἑστηλίτευσεν.</em></span> <span class='ocrx_word' id='word_1_72' title='bbox 1210 1429 1274 1519; x_wconf 85' lang='lat' dir='ltr'><em>(De</em></span> <span class='ocrx_word' id='word_1_73' title='bbox 1290 1430 1461 1516; x_wconf 80' lang='lat' dir='ltr'><strong>Aquilae</strong></span> 
     </span>
     <span class='ocr_line' id='line_1_10' title="bbox 286 1535 1462 1625; baseline 0 -21"><span class='ocrx_word' id='word_1_74' title='bbox 286 1538 449 1605; x_wconf 81' lang='lat' dir='ltr'><strong>Romani</strong></span> <span class='ocrx_word' id='word_1_75' title='bbox 474 1562 513 1605; x_wconf 85' lang='lat' dir='ltr'><em>ex</em></span> <span class='ocrx_word' id='word_1_76' title='bbox 532 1539 710 1605; x_wconf 80' lang='lat' dir='ltr'><strong>Alexandri</strong></span> <span class='ocrx_word' id='word_1_77' title='bbox 735 1539 821 1604; x_wconf 89' lang='lat' dir='ltr'><strong>libro</strong></span> <span class='ocrx_word' id='word_1_78' title='bbox 840 1541 973 1623; x_wconf 84' lang='lat' dir='ltr'><strong>sumpte</strong></span> <span class='ocrx_word' id='word_1_79' title='bbox 991 1537 1179 1604; x_wconf 89' lang='lat' dir='ltr'><strong>definitione</strong></span> <span class='ocrx_word' id='word_1_80' title='bbox 1201 1538 1240 1605; x_wconf 84' lang='lat' dir='ltr'><em>ef.</em></span> <span class='ocrx_word' id='word_1_81' title='bbox 1257 1538 1342 1604; x_wconf 84' lang='lat' dir='ltr'><strong>infre</strong></span> <span class='ocrx_word' id='word_1_82' title='bbox 1350 1562 1382 1624; x_wconf 93' lang='lat' dir='ltr'><strong>p.</strong></span> <span class='ocrx_word' id='word_1_83' title='bbox 1394 1535 1462 1625; x_wconf 84' lang='lat'><strong>16).</strong></span> 
     </span>
     <span class='ocr_line' id='line_1_11' title="bbox 288 1639 1460 1731; baseline -0.003 -18"><span class='ocrx_word' id='word_1_84' title='bbox 288 1646 450 1713; x_wconf 76' lang='lat' dir='ltr'><strong>Similiter</strong></span> <span class='ocrx_word' id='word_1_85' title='bbox 469 1645 568 1711; x_wconf 90' lang='lat' dir='ltr'><strong>etiem</strong></span> <span class='ocrx_word' id='word_1_86' title='bbox 578 1639 746 1731; x_wconf 56' lang='lat' dir='ltr'><strong>Apsin&#39;es</strong></span> <span class='ocrx_word' id='word_1_87' title='bbox 765 1641 832 1731; x_wconf 84' lang='lat' dir='ltr'><strong>(ep.</strong></span> <span class='ocrx_word' id='word_1_88' title='bbox 840 1644 944 1710; x_wconf 83' lang='lat' dir='ltr'><strong>Welz.</strong></span> <span class='ocrx_word' id='word_1_89' title='bbox 953 1642 1001 1709; x_wconf 88' lang='lat' dir='ltr'>IX</span> <span class='ocrx_word' id='word_1_90' title='bbox 1011 1668 1042 1729; x_wconf 90' lang='lat' dir='ltr'><strong>p.</strong></span> <span class='ocrx_word' id='word_1_91' title='bbox 1051 1643 1117 1709; x_wconf 82' lang='lat'><em>500</em></span> <span class='ocrx_word' id='word_1_92' title='bbox 1127 1643 1391 1731; x_wconf 83' lang='lat' dir='ltr'><strong>Spengell358,</strong></span> <span class='ocrx_word' id='word_1_93' title='bbox 1400 1642 1460 1731; x_wconf 78' lang='lat'><em>26)</em></span> 
     </span>
     <span class='ocr_line' id='line_1_12' title="bbox 288 1751 1461 1838; baseline 0 -21"><span class='ocrx_word' id='word_1_94' title='bbox 288 1753 367 1819; x_wconf 82' lang='lat' dir='ltr'><strong>dicit</strong></span> <span class='ocrx_word' id='word_1_95' title='bbox 403 1751 611 1838; x_wconf 80' lang='lat' dir='ltr'><strong>aposiopesin</strong></span> <span class='ocrx_word' id='word_1_96' title='bbox 644 1773 715 1817; x_wconf 88' lang='lat' dir='ltr'><strong>esse</strong></span> <span class='ocrx_word' id='word_1_97' title='bbox 745 1751 926 1816; x_wconf 79' lang='lat' dir='ltr'><strong>orationem</strong></span> <span class='ocrx_word' id='word_1_98' title='bbox 956 1753 1015 1815; x_wconf 87' lang='lat' dir='ltr'><em>eut</em></span> <span class='ocrx_word' id='word_1_99' title='bbox 1043 1751 1249 1817; x_wconf 86' lang='lat' dir='ltr'><strong>omittentem</strong></span> <span class='ocrx_word' id='word_1_100' title='bbox 1279 1774 1331 1818; x_wconf 88' lang='lat' dir='ltr'><em>res</em></span> <span class='ocrx_word' id='word_1_101' title='bbox 1361 1756 1461 1817; x_wconf 85' lang='lat' dir='ltr'><strong>notes</strong></span> 
     </span>
     <span class='ocr_line' id='line_1_13' title="bbox 288 1850 1461 1944; baseline 0 -19"><span class='ocrx_word' id='word_1_102' title='bbox 288 1863 346 1925; x_wconf 83' lang='lat' dir='ltr'><em>eut</em></span> <span class='ocrx_word' id='word_1_103' title='bbox 378 1859 569 1925; x_wconf 74' lang='lat' dir='ltr'><strong>reticentem</strong></span> <span class='ocrx_word' id='word_1_104' title='bbox 601 1858 712 1943; x_wconf 78' lang='lat' dir='ltr'><strong>turpis</strong></span> <span class='ocrx_word' id='word_1_105' title='bbox 743 1851 777 1944; x_wconf 80' lang='grc' dir='ltr'><em>(ἢ</em></span> <span class='ocrx_word' id='word_1_106' title='bbox 810 1860 1027 1940; x_wconf 79' lang='grc' dir='ltr'><em>παραλείπων</em></span> <span class='ocrx_word' id='word_1_107' title='bbox 1058 1853 1096 1921; x_wconf 89' lang='grc' dir='ltr'><em>τὸ</em></span> <span class='ocrx_word' id='word_1_108' title='bbox 1128 1859 1404 1943; x_wconf 86' lang='grc' dir='ltr'><em>γιγνωσκόμενον</em></span> <span class='ocrx_word' id='word_1_109' title='bbox 1438 1850 1461 1941; x_wconf 78' lang='grc' dir='ltr'>ἢ</span> 
     </span>
     <span class='ocr_line' id='line_1_14' title="bbox 287 1959 673 2051; baseline -0.005 -20"><span class='ocrx_word' id='word_1_110' title='bbox 287 1967 424 2038; x_wconf 80' lang='grc' dir='ltr'><em>σιωπῶν</em></span> <span class='ocrx_word' id='word_1_111' title='bbox 447 1960 485 2032; x_wconf 88' lang='grc' dir='ltr'><em>τὸ</em></span> <span class='ocrx_word' id='word_1_112' title='bbox 509 1959 673 2051; x_wconf 80' lang='grc' dir='ltr'><em>αἰσχρόν).</em></span> 
     </span>
    </p>

    <p class='ocr_par' dir='ltr' id='par_1_3' title="bbox 287 2067 1465 3226">
     <span class='ocr_line' id='line_1_15' title="bbox 377 2067 1461 2162; baseline 0 -24"><span class='ocrx_word' id='word_1_113' title='bbox 377 2071 557 2138; x_wconf 86' lang='lat' dir='ltr'><strong>Tiberius</strong></span> <span class='ocrx_word' id='word_1_114' title='bbox 580 2067 646 2162; x_wconf 78' lang='lat' dir='ltr'><strong>(ep.</strong></span> <span class='ocrx_word' id='word_1_115' title='bbox 665 2071 771 2136; x_wconf 82' lang='lat' dir='ltr'><strong>Wulz.</strong></span> <span class='ocrx_word' id='word_1_116' title='bbox 789 2069 872 2136; x_wconf 91' lang='lat' dir='ltr'>VIII</span> <span class='ocrx_word' id='word_1_117' title='bbox 891 2069 970 2155; x_wconf 85' lang='lat'><strong>536,</strong></span> <span class='ocrx_word' id='word_1_118' title='bbox 993 2068 1143 2155; x_wconf 86' lang='lat' dir='ltr'><strong>Spengel</strong></span> <span class='ocrx_word' id='word_1_119' title='bbox 1160 2071 1211 2136; x_wconf 93' lang='lat' dir='ltr'><em>III</em></span> <span class='ocrx_word' id='word_1_120' title='bbox 1230 2095 1261 2156; x_wconf 93' lang='lat' dir='ltr'><strong>p.</strong></span> <span class='ocrx_word' id='word_1_121' title='bbox 1281 2070 1353 2159; x_wconf 80' lang='lat'>62):</span> <span class='ocrx_word' id='word_1_122' title='bbox 1376 2067 1461 2138; x_wconf 84' lang='grc' dir='ltr'><em>ἀπο-</em></span> 
     </span>
     <span class='ocr_line' id='line_1_16' title="bbox 288 2172 1461 2263; baseline -0.002 -18"><span class='ocrx_word' id='word_1_123' title='bbox 288 2176 451 2263; x_wconf 85' lang='grc' dir='ltr'><em>σιῶπησις</em></span> <span class='ocrx_word' id='word_1_124' title='bbox 471 2177 511 2244; x_wconf 77' lang='grc' dir='ltr'><em>δέ</em></span> <span class='ocrx_word' id='word_1_125' title='bbox 528 2177 634 2260; x_wconf 79' lang='grc' dir='ltr'><em>ἐστιν,</em></span> <span class='ocrx_word' id='word_1_126' title='bbox 655 2173 736 2244; x_wconf 83' lang='grc' dir='ltr'><em>ὅταν</em></span> <span class='ocrx_word' id='word_1_127' title='bbox 755 2176 886 2262; x_wconf 79' lang='grc' dir='ltr'><em>μέλλων</em></span> <span class='ocrx_word' id='word_1_128' title='bbox 905 2174 1014 2259; x_wconf 79' lang='grc' dir='ltr'><em>λέγειν</em></span> <span class='ocrx_word' id='word_1_129' title='bbox 1032 2176 1166 2260; x_wconf 85' lang='grc' dir='ltr'><em>πρᾶγμα</em></span> <span class='ocrx_word' id='word_1_130' title='bbox 1185 2172 1267 2243; x_wconf 86' lang='grc' dir='ltr'><em>αὑτὸ</em></span> <span class='ocrx_word' id='word_1_131' title='bbox 1290 2175 1353 2262; x_wconf 71' lang='grc' dir='ltr'><em>μὲν</em></span> <span class='ocrx_word' id='word_1_132' title='bbox 1376 2173 1461 2244; x_wconf 88' lang='grc' dir='ltr'><em>ἀπο-</em></span> 
     </span>
     <span class='ocr_line' id='line_1_17' title="bbox 288 2278 1464 2373; baseline -0.001 -21"><span class='ocrx_word' id='word_1_133' title='bbox 288 2282 453 2373; x_wconf 76' lang='grc' dir='ltr'><em>σιωπήσῃ,1</em></span> <span class='ocrx_word' id='word_1_134' title='bbox 472 2281 535 2369; x_wconf 77' lang='grc' dir='ltr'><em>τὴν</em></span> <span class='ocrx_word' id='word_1_135' title='bbox 559 2281 596 2350; x_wconf 77' lang='grc' dir='ltr'><em>δὲ</em></span> <span class='ocrx_word' id='word_1_136' title='bbox 615 2278 782 2350; x_wconf 78' lang='grc' dir='ltr'><em>ὑπόνοιαν</em></span> <span class='ocrx_word' id='word_1_137' title='bbox 801 2279 907 2349; x_wconf 87' lang='grc' dir='ltr'><em>αὑτοῦ</em></span> <span class='ocrx_word' id='word_1_138' title='bbox 925 2283 1099 2368; x_wconf 81' lang='grc' dir='ltr'><em>καταλίπῃ·</em></span> <span class='ocrx_word' id='word_1_139' title='bbox 1123 2279 1211 2366; x_wconf 85' lang='grc' dir='ltr'><em>,,·ἀλλ</em></span> <span class='ocrx_word' id='word_1_140' title='bbox 1231 2278 1312 2368; x_wconf 78' lang='grc' dir='ltr'><em>’ἐγῶ</em></span> <span class='ocrx_word' id='word_1_141' title='bbox 1332 2281 1395 2369; x_wconf 73' lang='grc' dir='ltr'><em>μὲν</em></span> <span class='ocrx_word' id='word_1_142' title='bbox 1415 2321 1464 2333; x_wconf 90' lang='grc'>-</span> 
     </span>
     <span class='ocr_line' id='line_1_18' title="bbox 288 2383 1462 2477; baseline -0.001 -18"><span class='ocrx_word' id='word_1_143' title='bbox 288 2389 330 2460; x_wconf 85' lang='grc' dir='ltr'><em>οὑ</em></span> <span class='ocrx_word' id='word_1_144' title='bbox 351 2389 517 2477; x_wconf 83' lang='grc' dir='ltr'><em>βούλομαι</em></span> <span class='ocrx_word' id='word_1_145' title='bbox 541 2387 578 2456; x_wconf 73' lang='grc' dir='ltr'><em>δὲ</em></span> <span class='ocrx_word' id='word_1_146' title='bbox 601 2387 703 2457; x_wconf 74' lang='grc' dir='ltr'><em>οὐδὲν</em></span> <span class='ocrx_word' id='word_1_147' title='bbox 727 2385 884 2475; x_wconf 77' lang='grc' dir='ltr'><em>δυσχερὲς</em></span> <span class='ocrx_word' id='word_1_148' title='bbox 906 2389 1011 2454; x_wconf 77' lang='grc' dir='ltr'><em>εἰπεῖν</em></span> <span class='ocrx_word' id='word_1_149' title='bbox 1029 2383 1225 2474; x_wconf 81' lang='grc' dir='ltr'><em>,ἀρχόμενος</em></span> <span class='ocrx_word' id='word_1_150' title='bbox 1251 2392 1312 2458; x_wconf 86' lang='grc' dir='ltr'><em>τοὺ</em></span> <span class='ocrx_word' id='word_1_151' title='bbox 1339 2387 1462 2474; x_wconf 89' lang='grc' dir='ltr'><em>λόγου·</em></span> 
     </span>
     <span class='ocr_line' id='line_1_19' title="bbox 289 2489 1464 2583; baseline -0.001 -18"><span class='ocrx_word' id='word_1_152' title='bbox 289 2489 386 2576; x_wconf 84' lang='grc' dir='ltr'><em>οὑτος</em></span> <span class='ocrx_word' id='word_1_153' title='bbox 405 2495 443 2564; x_wconf 74' lang='grc' dir='ltr'><em>ὑλ</em></span> <span class='ocrx_word' id='word_1_154' title='bbox 459 2497 495 2564; x_wconf 81' lang='grc' dir='ltr'><em>ἐκ</em></span> <span class='ocrx_word' id='word_1_155' title='bbox 513 2500 708 2579; x_wconf 88' lang='grc' dir='ltr'><em>περιουσίας</em></span> <span class='ocrx_word' id='word_1_156' title='bbox 727 2520 793 2581; x_wconf 91' lang='grc' dir='ltr'><em>μου</em></span> <span class='ocrx_word' id='word_1_157' title='bbox 809 2497 1022 2580; x_wconf 82' lang='grc' dir='ltr'><em>κατηγορεῑ.“</em></span> <span class='ocrx_word' id='word_1_158' title='bbox 1051 2492 1157 2582; x_wconf 86' lang='lat' dir='ltr'><strong>(Idem</strong></span> <span class='ocrx_word' id='word_1_159' title='bbox 1176 2499 1361 2583; x_wconf 85' lang='lat' dir='ltr'><strong>exemplum</strong></span> <span class='ocrx_word' id='word_1_160' title='bbox 1375 2500 1464 2564; x_wconf 90' lang='lat' dir='ltr'><strong>eius-</strong></span> 
     </span>
     <span class='ocr_line' id='line_1_20' title="bbox 288 2600 1462 2692; baseline -0.002 -20"><span class='ocrx_word' id='word_1_161' title='bbox 288 2606 362 2672; x_wconf 89' lang='lat' dir='ltr'><em>dem</em></span> <span class='ocrx_word' id='word_1_162' title='bbox 380 2606 506 2692; x_wconf 87' lang='lat' dir='ltr'><strong>figuree</strong></span> <span class='ocrx_word' id='word_1_163' title='bbox 524 2604 611 2689; x_wconf 83' lang='lat' dir='ltr'><strong>apud</strong></span> <span class='ocrx_word' id='word_1_164' title='bbox 629 2603 923 2689; x_wconf 82' lang='lat' dir='ltr'><strong>Hermogenem,</strong></span> <span class='ocrx_word' id='word_1_165' title='bbox 939 2602 978 2666; x_wconf 86' lang='lat' dir='ltr'><em>de</em></span> <span class='ocrx_word' id='word_1_166' title='bbox 996 2600 1133 2667; x_wconf 88' lang='lat' dir='ltr'>formII</span> <span class='ocrx_word' id='word_1_167' title='bbox 1145 2604 1162 2668; x_wconf 79' lang='lat'><strong>7</strong></span> <span class='ocrx_word' id='word_1_168' title='bbox 1175 2603 1339 2689; x_wconf 85' lang='lat' dir='ltr'><strong>ap.Walz.</strong></span> <span class='ocrx_word' id='word_1_169' title='bbox 1353 2606 1462 2690; x_wconf 83' lang='lat' dir='ltr'><strong>p.408</strong></span> 
     </span>
     <span class='ocr_line' id='line_1_21' title="bbox 289 2707 1464 2799; baseline -0.001 -20"><span class='ocrx_word' id='word_1_170' title='bbox 289 2711 440 2799; x_wconf 81' lang='lat' dir='ltr'><strong>Spengel.</strong></span> <span class='ocrx_word' id='word_1_171' title='bbox 460 2712 494 2777; x_wconf 97' lang='lat' dir='ltr'><em>II</em></span> <span class='ocrx_word' id='word_1_172' title='bbox 513 2735 544 2796; x_wconf 90' lang='lat' dir='ltr'><em>p.</em></span> <span class='ocrx_word' id='word_1_173' title='bbox 562 2711 629 2776; x_wconf 83' lang='lat'><em>430</em></span> <span class='ocrx_word' id='word_1_174' title='bbox 651 2715 685 2776; x_wconf 88' lang='lat' dir='ltr'><em>et</em></span> <span class='ocrx_word' id='word_1_175' title='bbox 708 2709 794 2796; x_wconf 79' lang='lat' dir='ltr'><strong>apud</strong></span> <span class='ocrx_word' id='word_1_176' title='bbox 817 2708 999 2794; x_wconf 76' lang='lat' dir='ltr'><strong>Aquilam</strong></span> <span class='ocrx_word' id='word_1_177' title='bbox 1026 2707 1248 2796; x_wconf 83' lang='lat' dir='ltr'><strong>Romanum,</strong></span> <span class='ocrx_word' id='word_1_178' title='bbox 1275 2734 1326 2797; x_wconf 85' lang='lat' dir='ltr'><em>ep.</em></span> <span class='ocrx_word' id='word_1_179' title='bbox 1349 2711 1464 2779; x_wconf 86' lang='lat' dir='ltr'><strong>Helm.</strong></span> 
     </span>
     <span class='ocr_line' id='line_1_22' title="bbox 287 2804 1465 2905; baseline 0.002 -22"><span class='ocrx_word' id='word_1_180' title='bbox 287 2842 319 2904; x_wconf 91' lang='lat' dir='ltr'><em>p.</em></span> <span class='ocrx_word' id='word_1_181' title='bbox 337 2815 405 2904; x_wconf 80' lang='lat'><strong>24.)</strong></span> <span class='ocrx_word' id='word_1_182' title='bbox 450 2815 519 2882; x_wconf 80' lang='lat' dir='ltr'><em>Kal</em></span> <span class='ocrx_word' id='word_1_183' title='bbox 548 2813 650 2882; x_wconf 91' lang='grc' dir='ltr'><em>πάλιν</em></span> <span class='ocrx_word' id='word_1_184' title='bbox 680 2813 764 2898; x_wconf 89' lang='grc' dir='ltr'><em>πρὸς</em></span> <span class='ocrx_word' id='word_1_185' title='bbox 789 2810 851 2880; x_wconf 91' lang='grc' dir='ltr'><em>τὸν</em></span> <span class='ocrx_word' id='word_1_186' title='bbox 875 2814 1071 2899; x_wconf 79' lang='grc' dir='ltr'><em>Χαρίδημον</em></span> <span class='ocrx_word' id='word_1_187' title='bbox 1099 2804 1154 2905; x_wconf 76' lang='grc' dir='ltr'><em>,,ᾦ</em></span> <span class='ocrx_word' id='word_1_188' title='bbox 1176 2813 1283 2900; x_wconf 82' lang='grc' dir='ltr'><em>μήτηρ</em></span> <span class='ocrx_word' id='word_1_189' title='bbox 1307 2815 1369 2902; x_wconf 73' lang='grc' dir='ltr'><em>μὲν</em></span> <span class='ocrx_word' id='word_1_190' title='bbox 1398 2819 1465 2885; x_wconf 84' lang='grc' dir='ltr'><em>οὐκ</em></span> 
     </span>
     <span class='ocr_line' id='line_1_23' title="bbox 288 2917 1464 3009; baseline 0.007 -26"><span class='ocrx_word' id='word_1_191' title='bbox 288 2924 353 3009; x_wconf 78' lang='grc' dir='ltr'><em>ἐρῶ</em></span> <span class='ocrx_word' id='word_1_192' title='bbox 375 2926 425 3000; x_wconf 75' lang='grc' dir='ltr'><em>τίς</em></span> <span class='ocrx_word' id='word_1_193' title='bbox 447 2917 468 3007; x_wconf 80' lang='grc' dir='ltr'>ἢ</span> <span class='ocrx_word' id='word_1_194' title='bbox 487 2920 611 2990; x_wconf 77' lang='grc' dir='ltr'><em>πόθεν·</em></span> <span class='ocrx_word' id='word_1_195' title='bbox 634 2918 737 2989; x_wconf 72' lang='grc' dir='ltr'><em>οὐδὲν</em></span> <span class='ocrx_word' id='word_1_196' title='bbox 760 2917 902 3005; x_wconf 69' lang='lat' dir='ltr'><strong>palpitet</strong></span> <span class='ocrx_word' id='word_1_197' title='bbox 923 2923 1023 2985; x_wconf 89' lang='grc' dir='ltr'><em>πλείω</em></span> <span class='ocrx_word' id='word_1_198' title='bbox 1045 2921 1114 2986; x_wconf 92' lang='grc' dir='ltr'><em>τῶν</em></span> <span class='ocrx_word' id='word_1_199' title='bbox 1138 2917 1330 3005; x_wconf 83' lang='grc' dir='ltr'><em>ἀναγκαίων</em></span> <span class='ocrx_word' id='word_1_200' title='bbox 1354 2921 1464 2991; x_wconf 85' lang='grc' dir='ltr'><em>αὑτὸν</em></span> 
     </span>
     <span class='ocr_line' id='line_1_24' title="bbox 288 3026 1463 3117; baseline 0.002 -21"><span class='ocrx_word' id='word_1_201' title='bbox 288 3026 525 3110; x_wconf 48' lang='grc' dir='ltr'><em>ἐξετάζεσθαιίί</em></span> <span class='ocrx_word' id='word_1_202' title='bbox 553 3027 655 3117; x_wconf 85' lang='lat' dir='ltr'><strong>(idem</strong></span> <span class='ocrx_word' id='word_1_203' title='bbox 684 3028 867 3113; x_wconf 86' lang='lat' dir='ltr'><strong>exemplum</strong></span> <span class='ocrx_word' id='word_1_204' title='bbox 897 3027 1012 3093; x_wconf 80' lang='lat' dir='ltr'><strong>ettuIIt</strong></span> <span class='ocrx_word' id='word_1_205' title='bbox 1034 3027 1245 3094; x_wconf 80' lang='lat' dir='ltr'><strong>Alexandri</strong></span> <span class='ocrx_word' id='word_1_206' title='bbox 1271 3031 1463 3116; x_wconf 84' lang='lat' dir='ltr'><strong>epitome·</strong></span> 
     </span>
     <span class='ocr_line' id='line_1_25' title="bbox 287 3125 1463 3226; baseline 0.001 -22"><span class='ocrx_word' id='word_1_207' title='bbox 287 3143 350 3205; x_wconf 87' lang='lat' dir='ltr'><em>tor</em></span> <span class='ocrx_word' id='word_1_208' title='bbox 365 3161 396 3222; x_wconf 91' lang='lat' dir='ltr'><em>p.</em></span> <span class='ocrx_word' id='word_1_209' title='bbox 416 3134 480 3225; x_wconf 85' lang='lat'><strong>19).</strong></span> <span class='ocrx_word' id='word_1_210' title='bbox 509 3130 619 3201; x_wconf 77' lang='lat' dir='ltr'><strong>Oulrllv</strong></span> <span class='ocrx_word' id='word_1_211' title='bbox 643 3130 707 3220; x_wconf 80' lang='grc' dir='ltr'><em>γὰρ</em></span> <span class='ocrx_word' id='word_1_212' title='bbox 729 3127 773 3200; x_wconf 87' lang='grc' dir='ltr'><em>ἀν</em></span> <span class='ocrx_word' id='word_1_213' title='bbox 796 3128 866 3199; x_wconf 80' lang='grc' dir='ltr'><em>εἶπε</em></span> <span class='ocrx_word' id='word_1_214' title='bbox 888 3134 1044 3199; x_wconf 81' lang='grc' dir='ltr'><em>τοιοῦτον</em></span> <span class='ocrx_word' id='word_1_215' title='bbox 1068 3125 1143 3199; x_wconf 89' lang='grc' dir='ltr'><em>οἷον</em></span> <span class='ocrx_word' id='word_1_216' title='bbox 1165 3136 1205 3220; x_wconf 78' lang='grc' dir='ltr'><em>τῇ</em></span> <span class='ocrx_word' id='word_1_217' title='bbox 1230 3129 1375 3226; x_wconf 76' lang='grc' dir='ltr'><em>ὑπονοίᾳ</em></span> <span class='ocrx_word' id='word_1_218' title='bbox 1398 3161 1463 3205; x_wconf 91' lang='grc' dir='ltr'><em>πα-</em></span> 
     </span>
    </p>
   </div>
   <div class='ocr_carea' id='block_1_3' title="bbox 189 3241 444 3328">
    <p class='ocr_par' dir='ltr' id='par_1_4' title="bbox 189 3241 444 3328">
     <span class='ocr_line' id='line_1_26' title="bbox 189 3241 444 3328; baseline -0.004 -18"><span class='ocrx_word' id='word_1_219' title='bbox 189 3317 195 3326; x_wconf 57' lang='grc'><em>,</em></span> <span class='ocrx_word' id='word_1_220' title='bbox 287 3241 444 3328; x_wconf 79' lang='grc' dir='ltr'><em>ρίὺωκεν.</em></span> 
     </span>
    </p>
   </div>
   <div class='ocr_carea' id='block_1_4' title="bbox 286 3346 1469 4604">
    <p class='ocr_par' dir='ltr' id='par_1_5' title="bbox 286 3346 1469 4604">
     <span class='ocr_line' id='line_1_27' title="bbox 378 3346 1465 3432; baseline 0.003 -18"><span class='ocrx_word' id='word_1_221' title='bbox 378 3349 430 3414; x_wconf 86' lang='lat' dir='ltr'><em>Ab</em></span> <span class='ocrx_word' id='word_1_222' title='bbox 454 3348 697 3432; x_wconf 79' lang='lat' dir='ltr'><strong>Hermogene</strong></span> <span class='ocrx_word' id='word_1_223' title='bbox 720 3346 1046 3432; x_wconf 76' lang='lat' dir='ltr'><strong>dueedepinguntur</strong></span> <span class='ocrx_word' id='word_1_224' title='bbox 1068 3346 1298 3432; x_wconf 81' lang='lat' dir='ltr'><strong>aposiopeseos</strong></span> <span class='ocrx_word' id='word_1_225' title='bbox 1320 3349 1465 3417; x_wconf 82' lang='lat' dir='ltr'><strong>formae:</strong></span> 
     </span>
     <span class='ocr_line' id='line_1_28' title="bbox 288 3453 1463 3542; baseline 0.001 -20"><span class='ocrx_word' id='word_1_226' title='bbox 288 3480 366 3542; x_wconf 80' lang='lat' dir='ltr'><strong>une,</strong></span> <span class='ocrx_word' id='word_1_227' title='bbox 393 3478 459 3542; x_wconf 83' lang='lat' dir='ltr'><em>que</em></span> <span class='ocrx_word' id='word_1_228' title='bbox 490 3455 633 3538; x_wconf 87' lang='lat' dir='ltr'><strong>suspioio</strong></span> <span class='ocrx_word' id='word_1_229' title='bbox 664 3454 768 3519; x_wconf 79' lang='lat' dir='ltr'><strong>maior</strong></span> <span class='ocrx_word' id='word_1_230' title='bbox 794 3456 957 3538; x_wconf 86' lang='lat' dir='ltr'><strong>movetur,</strong></span> <span class='ocrx_word' id='word_1_231' title='bbox 989 3475 1086 3537; x_wconf 86' lang='lat' dir='ltr'><strong>quem</strong></span> <span class='ocrx_word' id='word_1_232' title='bbox 1113 3453 1222 3519; x_wconf 86' lang='lat' dir='ltr'><strong>verbis</strong></span> <span class='ocrx_word' id='word_1_233' title='bbox 1254 3455 1463 3541; x_wconf 77' lang='lat' dir='ltr'><strong>simplicibus</strong></span> 
     </span>
     <span class='ocr_line' id='line_1_29' title="bbox 289 3558 1463 3646; baseline 0 -17"><span class='ocrx_word' id='word_1_234' title='bbox 289 3563 423 3630; x_wconf 83' lang='lat' dir='ltr'><strong>exeiteri</strong></span> <span class='ocrx_word' id='word_1_235' title='bbox 446 3562 589 3628; x_wconf 82' lang='lat' dir='ltr'><strong>videtur:</strong></span> <span class='ocrx_word' id='word_1_236' title='bbox 620 3561 641 3627; x_wconf 93' lang='lat' dir='ltr'><strong>i.</strong></span> <span class='ocrx_word' id='word_1_237' title='bbox 659 3583 685 3626; x_wconf 90' lang='lat' dir='ltr'><em>e.</em></span> <span class='ocrx_word' id='word_1_238' title='bbox 708 3561 802 3646; x_wconf 89' lang='lat' dir='ltr'><strong>plure</strong></span> <span class='ocrx_word' id='word_1_239' title='bbox 825 3558 1106 3644; x_wconf 86' lang='lat' dir='ltr'><strong>subintellegende</strong></span> <span class='ocrx_word' id='word_1_240' title='bbox 1129 3564 1206 3625; x_wconf 84' lang='lat' dir='ltr'><strong>sunt</strong></span> <span class='ocrx_word' id='word_1_241' title='bbox 1229 3583 1327 3645; x_wconf 84' lang='lat' dir='ltr'><strong>quem</strong></span> <span class='ocrx_word' id='word_1_242' title='bbox 1353 3565 1463 3630; x_wconf 89' lang='lat' dir='ltr'><strong>verbis</strong></span> 
     </span>
     <span class='ocr_line' id='line_1_30' title="bbox 289 3665 1464 3754; baseline 0.003 -20"><span class='ocrx_word' id='word_1_243' title='bbox 289 3669 355 3734; x_wconf 85' lang='lat' dir='ltr'><strong>diei</strong></span> <span class='ocrx_word' id='word_1_244' title='bbox 377 3668 545 3753; x_wconf 61' lang='lat' dir='ltr'><strong>videntum</strong></span> <span class='ocrx_word' id='word_1_245' title='bbox 573 3668 689 3752; x_wconf 83' lang='lat' dir='ltr'><strong>eltere,</strong></span> <span class='ocrx_word' id='word_1_246' title='bbox 716 3689 781 3751; x_wconf 85' lang='lat' dir='ltr'><em>que</em></span> <span class='ocrx_word' id='word_1_247' title='bbox 804 3665 908 3732; x_wconf 83' lang='lat' dir='ltr'><strong>oratio</strong></span> <span class='ocrx_word' id='word_1_248' title='bbox 935 3665 1031 3750; x_wconf 85' lang='lat' dir='ltr'><strong>plene</strong></span> <span class='ocrx_word' id='word_1_249' title='bbox 1058 3666 1319 3754; x_wconf 87' lang='lat' dir='ltr'><strong>interrumpitur,</strong></span> <span class='ocrx_word' id='word_1_250' title='bbox 1346 3668 1396 3735; x_wconf 80' lang='lat' dir='ltr'><em>itu</em></span> <span class='ocrx_word' id='word_1_251' title='bbox 1424 3675 1464 3737; x_wconf 90' lang='lat' dir='ltr'><em>ut</em></span> 
     </span>
     <span class='ocr_line' id='line_1_31' title="bbox 287 3771 1465 3862; baseline 0.001 -21"><span class='ocrx_word' id='word_1_252' title='bbox 287 3798 340 3841; x_wconf 92' lang='lat' dir='ltr'><em>res</em></span> <span class='ocrx_word' id='word_1_253' title='bbox 368 3774 506 3840; x_wconf 77' lang='lat' dir='ltr'><strong>tacende</strong></span> <span class='ocrx_word' id='word_1_254' title='bbox 536 3795 641 3859; x_wconf 87' lang='lat' dir='ltr'><strong>neque</strong></span> <span class='ocrx_word' id='word_1_255' title='bbox 672 3773 833 3838; x_wconf 77' lang='lat' dir='ltr'><strong>indicetur</strong></span> <span class='ocrx_word' id='word_1_256' title='bbox 863 3793 967 3856; x_wconf 91' lang='lat' dir='ltr'><strong>neque</strong></span> <span class='ocrx_word' id='word_1_257' title='bbox 993 3771 1090 3836; x_wconf 84' lang='lat' dir='ltr'><strong>faeile</strong></span> <span class='ocrx_word' id='word_1_258' title='bbox 1118 3773 1308 3857; x_wconf 79' lang='lat' dir='ltr'><strong>suppleatur</strong></span> <span class='ocrx_word' id='word_1_259' title='bbox 1332 3773 1387 3862; x_wconf 87' lang='lat' dir='ltr'><strong>(ef.</strong></span> <span class='ocrx_word' id='word_1_260' title='bbox 1410 3781 1465 3862; x_wconf 75' lang='lat' dir='ltr'><em>ep.¹</em></span> 
     </span>
     <span class='ocr_line' id='line_1_32' title="bbox 287 3877 1464 3967; baseline 0.001 -19"><span class='ocrx_word' id='word_1_261' title='bbox 287 3881 394 3948; x_wconf 83' lang='lat' dir='ltr'><strong>Wulz.</strong></span> <span class='ocrx_word' id='word_1_262' title='bbox 416 3881 466 3947; x_wconf 94' lang='lat' dir='ltr'><em>III</em></span> <span class='ocrx_word' id='word_1_263' title='bbox 493 3904 525 3966; x_wconf 90' lang='lat' dir='ltr'><em>p.</em></span> <span class='ocrx_word' id='word_1_264' title='bbox 547 3880 627 3965; x_wconf 81' lang='lat'>4083</span> <span class='ocrx_word' id='word_1_265' title='bbox 659 3879 703 3945; x_wconf 92' lang='lat' dir='ltr'><strong>ib.</strong></span> <span class='ocrx_word' id='word_1_266' title='bbox 734 3902 766 3962; x_wconf 91' lang='lat' dir='ltr'><strong>p.</strong></span> <span class='ocrx_word' id='word_1_267' title='bbox 798 3877 877 3962; x_wconf 78' lang='lat'><strong>3463</strong></span> <span class='ocrx_word' id='word_1_268' title='bbox 915 3877 992 3963; x_wconf 77' lang='lat'>7113</span> <span class='ocrx_word' id='word_1_269' title='bbox 1022 3913 1068 3926; x_wconf 88' lang='lat'><em>-·</em></span> <span class='ocrx_word' id='word_1_270' title='bbox 1089 3877 1171 3943; x_wconf 90' lang='lat' dir='ltr'>VIII</span> <span class='ocrx_word' id='word_1_271' title='bbox 1198 3903 1229 3964; x_wconf 93' lang='lat' dir='ltr'><strong>p.</strong></span> <span class='ocrx_word' id='word_1_272' title='bbox 1261 3881 1340 3966; x_wconf 80' lang='lat'>6503</span> <span class='ocrx_word' id='word_1_273' title='bbox 1372 3885 1464 3967; x_wconf 83' lang='lat' dir='ltr'><strong>apud</strong></span> 
     </span>
     <span class='ocr_line' id='line_1_33' title="bbox 288 3980 1465 4073; baseline 0.002 -20"><span class='ocrx_word' id='word_1_274' title='bbox 288 3987 439 4073; x_wconf 84' lang='lat' dir='ltr'><strong>Spengel.</strong></span> <span class='ocrx_word' id='word_1_275' title='bbox 449 3986 482 4052; x_wconf 95' lang='lat' dir='ltr'><em>II</em></span> <span class='ocrx_word' id='word_1_276' title='bbox 492 4011 524 4072; x_wconf 91' lang='lat' dir='ltr'><strong>p.</strong></span> <span class='ocrx_word' id='word_1_277' title='bbox 532 3986 612 4072; x_wconf 85' lang='lat'>430,</span> <span class='ocrx_word' id='word_1_278' title='bbox 628 3986 669 4051; x_wconf 91' lang='grc'><em>18</em></span> <span class='ocrx_word' id='word_1_279' title='bbox 684 4006 763 4070; x_wconf 82' lang='lat' dir='ltr'><strong>seq.;</strong></span> <span class='ocrx_word' id='word_1_280' title='bbox 781 3984 825 4051; x_wconf 90' lang='lat' dir='ltr'><strong>ib.</strong></span> <span class='ocrx_word' id='word_1_281' title='bbox 839 3984 914 4068; x_wconf 83' lang='lat'>382,</span> <span class='ocrx_word' id='word_1_282' title='bbox 927 3980 999 4069; x_wconf 84' lang='lat'>26);</span> <span class='ocrx_word' id='word_1_283' title='bbox 1017 3983 1140 4068; x_wconf 86' lang='lat' dir='ltr'><strong>legitur</strong></span> <span class='ocrx_word' id='word_1_284' title='bbox 1157 4008 1188 4069; x_wconf 90' lang='lat' dir='ltr'><strong>p.</strong></span> <span class='ocrx_word' id='word_1_285' title='bbox 1197 3985 1273 4071; x_wconf 85' lang='lat'>430,</span> <span class='ocrx_word' id='word_1_286' title='bbox 1289 3988 1330 4053; x_wconf 86' lang='lat'><em>18</em></span> <span class='ocrx_word' id='word_1_287' title='bbox 1350 3987 1465 4070; x_wconf 87' lang='grc' dir='ltr'><em>,,πότε</em></span> 
     </span>
     <span class='ocr_line' id='line_1_34' title="bbox 286 4085 1464 4180; baseline 0.002 -20"><span class='ocrx_word' id='word_1_288' title='bbox 286 4091 486 4180; x_wconf 76' lang='grc' dir='ltr'><em>παράλειψις</em></span> <span class='ocrx_word' id='word_1_289' title='bbox 511 4091 568 4158; x_wconf 84' lang='grc' dir='ltr'><em>καλ</em></span> <span class='ocrx_word' id='word_1_290' title='bbox 599 4086 827 4174; x_wconf 77' lang='grc' dir='ltr'><em>ἀποσιώπησις</em></span> <span class='ocrx_word' id='word_1_291' title='bbox 857 4092 1019 4174; x_wconf 80' lang='grc' dir='ltr'><em>γίγνεται;</em></span> <span class='ocrx_word' id='word_1_292' title='bbox 1042 4085 1123 4155; x_wconf 85' lang='grc' dir='ltr'><em>ὅταν</em></span> <span class='ocrx_word' id='word_1_293' title='bbox 1145 4093 1371 4178; x_wconf 75' lang='grc' dir='ltr'><em>βουληθῶμεν</em></span> <span class='ocrx_word' id='word_1_294' title='bbox 1398 4091 1464 4180; x_wconf 82' lang='grc' dir='ltr'><em>τὴν</em></span> 
     </span>
     <span class='ocr_line' id='line_1_35' title="bbox 287 4191 1464 4286; baseline 0.002 -20"><span class='ocrx_word' id='word_1_295' title='bbox 287 4196 453 4266; x_wconf 88' lang='grc' dir='ltr'><em>ὑπόνοιαν</em></span> <span class='ocrx_word' id='word_1_296' title='bbox 472 4202 607 4284; x_wconf 80' lang='grc' dir='ltr'><em>μείζονα</em></span> <span class='ocrx_word' id='word_1_297' title='bbox 624 4198 828 4280; x_wconf 83' lang='grc' dir='ltr'><em>καταστῆσαι</em></span> <span class='ocrx_word' id='word_1_298' title='bbox 846 4196 907 4261; x_wconf 86' lang='grc' dir='ltr'><em>τοὺ</em></span> <span class='ocrx_word' id='word_1_299' title='bbox 929 4191 1121 4280; x_wconf 80' lang='grc' dir='ltr'><em>πράγματος</em></span> <span class='ocrx_word' id='word_1_300' title='bbox 1139 4197 1176 4261; x_wconf 80' lang='grc' dir='ltr'><em>ἐν</em></span> <span class='ocrx_word' id='word_1_301' title='bbox 1193 4198 1234 4283; x_wconf 78' lang='grc' dir='ltr'><em>τῇ</em></span> <span class='ocrx_word' id='word_1_302' title='bbox 1254 4196 1371 4286; x_wconf 84' lang='grc' dir='ltr'><em>γνῶμη</em></span> <span class='ocrx_word' id='word_1_303' title='bbox 1391 4203 1464 4268; x_wconf 89' lang='grc' dir='ltr'><em>τῶν</em></span> 
     </span>
     <span class='ocr_line' id='line_1_36' title="bbox 288 4295 1466 4393; baseline 0.002 -21"><span class='ocrx_word' id='word_1_304' title='bbox 288 4302 483 4372; x_wconf 88' lang='grc' dir='ltr'><em>ἀκουόντων</em></span> <span class='ocrx_word' id='word_1_305' title='bbox 499 4301 519 4390; x_wconf 82' lang='grc' dir='ltr'><strong><em>ἢ</em></strong></span> <span class='ocrx_word' id='word_1_306' title='bbox 533 4304 673 4390; x_wconf 81' lang='grc' dir='ltr'><em>λέγομεν</em></span> <span class='ocrx_word' id='word_1_307' title='bbox 690 4295 775 4369; x_wconf 76' lang='grc' dir='ltr'><em>οἷον·</em></span> <span class='ocrx_word' id='word_1_308' title='bbox 795 4299 949 4385; x_wconf 82' lang='grc' dir='ltr'><em>λάβωμεν</em></span> <span class='ocrx_word' id='word_1_309' title='bbox 962 4302 1095 4384; x_wconf 88' lang='grc' dir='ltr'><em>πρῶτον</em></span> <span class='ocrx_word' id='word_1_310' title='bbox 1110 4301 1145 4367; x_wconf 82' lang='grc' dir='ltr'><em>ἐκ</em></span> <span class='ocrx_word' id='word_1_311' title='bbox 1158 4304 1219 4368; x_wconf 86' lang='grc' dir='ltr'><em>τοῦ</em></span> <span class='ocrx_word' id='word_1_312' title='bbox 1233 4301 1340 4388; x_wconf 91' lang='grc' dir='ltr'><em>λόγου</em></span> <span class='ocrx_word' id='word_1_313' title='bbox 1355 4307 1466 4393; x_wconf 82' lang='grc' dir='ltr'><em>παροί-</em></span> 
     </span>
     <span class='ocr_line' id='line_1_37' title="bbox 288 4400 1469 4501; baseline 0.002 -24"><span class='ocrx_word' id='word_1_314' title='bbox 288 4415 420 4497; x_wconf 79' lang='grc' dir='ltr'><em>ὃειγμα,</em></span> <span class='ocrx_word' id='word_1_315' title='bbox 442 4413 513 4488; x_wconf 92' lang='grc' dir='ltr'><em>πῶς</em></span> <span class='ocrx_word' id='word_1_316' title='bbox 531 4400 630 4489; x_wconf 86' lang='grc' dir='ltr'><em>οὗτος</em></span> <span class='ocrx_word' id='word_1_317' title='bbox 647 4408 801 4494; x_wconf 80' lang='grc' dir='ltr'><em>κέχρηται</em></span> <span class='ocrx_word' id='word_1_318' title='bbox 819 4408 864 4495; x_wconf 77' lang='grc' dir='ltr'><em>τῷ</em></span> <span class='ocrx_word' id='word_1_319' title='bbox 883 4410 995 4492; x_wconf 68' lang='grc' dir='ltr'><em>πατρίς</em></span> <span class='ocrx_word' id='word_1_320' title='bbox 1018 4406 1102 4490; x_wconf 85' lang='grc' dir='ltr'><em>λε’γω</em></span> <span class='ocrx_word' id='word_1_321' title='bbox 1122 4415 1202 4486; x_wconf 85' lang='grc' dir='ltr'><em>λσως</em></span> <span class='ocrx_word' id='word_1_322' title='bbox 1220 4403 1241 4493; x_wconf 75' lang='grc' dir='ltr'>ἢ</span> <span class='ocrx_word' id='word_1_323' title='bbox 1259 4405 1418 4480; x_wconf 81' lang='grc' dir='ltr'><em>ἀντεῖπεν</em></span> <span class='ocrx_word' id='word_1_324' title='bbox 1444 4410 1469 4501; x_wconf 78' lang='grc' dir='ltr'>ἢ</span> 
     </span>
     <span class='ocr_line' id='line_1_38' title="bbox 289 4508 1467 4604; baseline 0.001 -20"><span class='ocrx_word' id='word_1_325' title='bbox 289 4514 351 4584; x_wconf 86' lang='grc' dir='ltr'><em>οὑκ</em></span> <span class='ocrx_word' id='word_1_326' title='bbox 363 4519 509 4601; x_wconf 78' lang='grc' dir='ltr'><em>ἐπείσθη,</em></span> <span class='ocrx_word' id='word_1_327' title='bbox 525 4512 545 4602; x_wconf 86' lang='grc' dir='ltr'><em>ἡ</em></span> <span class='ocrx_word' id='word_1_328' title='bbox 560 4513 598 4581; x_wconf 74' lang='lat' dir='ltr'><em>(ll</em></span> <span class='ocrx_word' id='word_1_329' title='bbox 616 4511 845 4595; x_wconf 76' lang='grc' dir='ltr'><em>ἀποσιώπησις</em></span> <span class='ocrx_word' id='word_1_330' title='bbox 863 4517 997 4597; x_wconf 83' lang='grc' dir='ltr'><em>μείζονα</em></span> <span class='ocrx_word' id='word_1_331' title='bbox 1011 4508 1072 4596; x_wconf 77' lang='grc' dir='ltr'><em>τὴν</em></span> <span class='ocrx_word' id='word_1_332' title='bbox 1088 4509 1254 4582; x_wconf 88' lang='grc' dir='ltr'><em>ὑπόνοιαν</em></span> <span class='ocrx_word' id='word_1_333' title='bbox 1269 4523 1467 4604; x_wconf 86' lang='grc' dir='ltr'><em>πεποίηκεν,</em></span> 
     </span>
    </p>
   </div>
   <div class='ocr_carea' id='block_1_5' title="bbox 0 0 1642 5280">
    <p class='ocr_par' dir='ltr' id='par_1_6' title="bbox 0 0 1642 5280">
     <span class='ocr_line' id='line_1_39' title="bbox 0 0 1642 5280; baseline 0 0"><span class='ocrx_word' id='word_1_334' title='bbox 0 0 1642 5280; x_wconf 95' lang='lat' dir='ltr'><em> </em></span> 
     </span>
    </p>
   </div>
   <div class='ocr_carea' id='block_1_6' title="bbox 1633 2115 1635 2662">
    <p class='ocr_par' dir='ltr' id='par_1_7' title="bbox 1633 2115 1635 2662">
     <span class='ocr_line' id='line_1_40' title="bbox 1633 2115 1635 2662; baseline 0 0"><span class='ocrx_word' id='word_1_335' title='bbox 1633 2115 1635 2662; x_wconf 95' lang='lat' dir='ltr'><em> </em></span> 
     </span>
    </p>
   </div>
  </div>
 </body>
</html>
