3204 5284
614 463 912 529 -91-v

189 690 234 774 Π.
280 690 332 774 De
361 691 538 776 onatiuue
567 690 732 796 obliqua
759 691 1025 778 substantivis
1053 693 1252 778 abiuneta.

229 837 256 900 1.
285 835 395 903 Primo
424 838 496 904 loeo
520 839 803 904 commemoranda
832 845 908 904 suut
938 861 976 906 ee
999 840 1160 925 exempla,
1190 839 1306 924 quibus

132 942 299 1028 probatur
326 966 345 1009 e
373 943 487 1010 Tsaito
518 945 605 1011 haud
638 967 711 1011 raro
743 946 983 1012 substantivum
1021 969 1094 1012 eum
1127 946 1226 1011 verbo
1258 946 1306 1011 ita

130 1049 344 1117 coniunctum
362 1074 443 1139 esse,
460 1057 498 1118 ut
514 1053 583 1119 fere
597 1075 695 1118 uuam
709 1052 851 1120 efflueret
869 1054 1045 1139 notionem,
1064 1076 1102 1121 ex
1122 1075 1186 1138 qua
1201 1056 1306 1118 oratio

131 1157 271 1244 obliqua
294 1163 381 1224 esset
404 1181 575 1246 suspensa:
598 1160 769 1246 suppletur
792 1161 927 1226 verbum
951 1181 1075 1245 regens.

227 1260 261 1351 e)
284 1265 490 1332 enuntiatum
512 1268 703 1352 primarium
727 1273 760 1334 et
783 1268 955 1335 sententiis
978 1273 1012 1334 et
1039 1267 1147 1333 verbis
1178 1269 1304 1334 absolu-

130 1377 207 1437 tum
231 1377 282 1438 est
304 1395 363 1439 nea
385 1373 511 1460 indiget
540 1374 697 1440 emtionis
721 1375 887 1462 obliquae,
918 1397 1000 1461 quea
1023 1375 1228 1462 epexegetiae
1253 1375 1307 1440 ad-

131 1479 238 1546 ditur:

225 1586 267 1652 H.
283 1587 400 1673 11153,
416 1589 452 1654 4:
481 1588 587 1654 literas
615 1590 659 1654 ml
678 1589 900 1674 Vespasianum
930 1591 1095 1672 omnponrit
1120 1591 1307 1656 iactantius-

134 1715 189 1760 noo
207 1696 276 1760 sine
293 1696 409 1760 omulta
426 1698 462 1761 in
478 1697 667 1762 Mucianum
684 1696 895 1762 insectatione:
913 1716 944 1762 so
961 1695 1161 1762 Pannonicas
1179 1697 1308 1780 lapiones

137 1803 171 1866 in
202 1823 296 1867 arrna
327 1803 436 1886 spissa
469 1802 751 1888 intonsa&
780 1840 820 1850 -
849 1803 1022 1890 11112,1;
1055 1841 1095 1850 -
1132 1806 1231 1891 17,6.
1265 1841 1307 1850 -

138 1908 233 1976 H.IV
247 1909 305 1995 25,
319 1910 353 1975 2ε
384 1910 536 1991 infensior
562 1910 627 1976 illio
648 1910 736 1976 miles
762 1911 884 1995 rubram
911 1912 1007 1977 obsum
1035 1913 1070 1976 in
1094 1908 1308 1989 Hordeonium

8 2017 11 2024 ’
134 2018 281 2082 amabat:
303 2019 369 2082 eius
390 2018 478 2083 iussu
499 2018 649 2084 dmeotam
671 2019 816 2084 adoneus
839 2018 979 2085 Batauos
1001 2020 1097 2086 arum
1120 2023 1153 2084 st
1168 2041 1197 2105 q.
1215 2042 1308 2105 s.;-

133 2123 198 2190 Anu
212 2124 263 2190 ΙΙΙ
278 2125 331 2211 37,
347 2126 382 2191 4:
404 2126 624 2208 utrumquem
652 2125 775 2190 landem
796 2125 899 2191 Drusi
926 2125 1119 2192 trahebatur:
1146 2127 1185 2191 ab
1213 2147 1246 2192 eo
1273 2129 1309 2192 iu

31 2309 32 2314 ἵ
132 2232 210 2296 urbe
239 2233 319 2296 inter
348 2236 447 2298 motus
476 2236 505 2296 et
531 2252 685 2298 sermones
713 2231 873 2298 bominum
902 2237 1039 2298 versante
1068 2238 1179 2298 seoreta
1203 2236 1309 2318 patris

132 2340 286 2422 mittpari.
332 2337 493 2405 Similiter
523 2339 622 2405 dictio
652 2338 938 2425 praepositianslis
968 2342 1074 2405 exmt:
1097 2338 1308 2425 H.1175,1:

131 2427 317 2512 versabatur
348 2451 421 2512 ante
449 2447 549 2512 ooulm
581 2446 761 2512 Germanioi
791 2447 937 2511 eaerum
967 2447 1072 2526 robur,
1104 2452 1211 2512 notum
1241 2449 1308 2513 niro

132 2555 286 2620 militari:
312 2575 388 2620 suas
419 2553 547 2637 lmionm
576 2554 661 2618 aloiti
690 2554 764 2618 betto
795 2555 987 2639 imapum,
1025 2554 1143 2620 Vitellii
1173 2556 1308 2620 victrices

132 2665 169 2727 et
184 2684 215 2747 q.
227 2683 268 2747 s.3
287 2697 329 2708 -
344 2659 393 2727 IV
407 2661 460 2746 62,
471 2661 505 2726 3:
524 2661 659 2726 medium
677 2682 765 2726 omne
782 2665 899 2744 tenum
910 2682 969 2744 per
986 2662 1093 2726 uarius
1110 2683 1201 2727 ouras
1218 2683 1308 2746 opera

132 2769 356 2852 rpnaomnmus
378 2770 685 2852 quisque-pauentes,
714 2769 823 2833 noetior
845 2788 926 2851 pars
958 2769 1067 2834 nabore
1097 2774 1125 2833 at
1153 2768 1308 2850 infamia:

132 2876 228 2960 quale
249 2875 330 2940 illud
351 2872 431 2940 iter?
453 2876 522 2958 quis
544 2877 609 2940 dua
631 2871 720 2941 otae?
743 2879 776 2940 et
791 2897 819 2960 q.
835 2897 859 2940 s.

227 2979 264 3070 b)
288 3005 327 3047 ex
352 2982 522 3047 enuntiato
545 2982 701 3067 primario
723 2981 845 3067 pendet
867 2981 956 3047 aliud
985 2982 1207 3069 enuntiatum
1234 2983 1309 3049 dein

133 3088 286 3174 sequitur
308 3089 412 3154 oratio
435 3089 582 3175 obliqua:

227 3193 263 3282 n)
287 3195 491 3262 enuntiatum
515 3195 719 3262 aoniunetivo
743 3193 952 3261 adhortetivo
976 3195 1159 3282 praeditum
1179 3219 1245 3283 seq.
1264 3219 1308 3263 or.

134 3304 216 3370 obt:
240 3302 301 3369 An.
314 3303 364 3369 IV
378 3303 477 3390 53,3:
507 3323 579 3369 nsou
607 3303 759 3368 inaratam
789 3308 818 3367 ot
839 3323 945 3387 preses
973 3305 1110 3390 orditur,
1139 3305 1311 3370 subueniret

133 3411 308 3494 solitudini,
325 3411 413 3476 daret
428 3412 593 3476 maritum:
611 3409 742 3475 babilam
759 3409 860 3476 aethna
876 3410 1035 3476 inuentam
1052 3413 1111 3477 sibi
1130 3417 1163 3478 et
1177 3435 1207 3499 q.
1220 3435 1309 3498 s.;-

134 3517 217 3584 XIV
232 3519 284 3605 22,
299 3520 353 3584 14:
377 3519 461 3583 Nero
483 3519 636 3602 commu
656 3519 699 3583 aet
715 3517 868 3583 Plautum
886 3518 1012 3604 litteras,
1034 3520 1201 3584 oonsuteru
1216 3521 1310 3603 quieti

134 3627 225 3692 urbis
246 3646 334 3709 seque
349 3647 455 3710 praua
477 3625 714 3706 diffamantibus
736 3624 938 3690 subtraloeret:
966 3646 1027 3692 esse
1052 3626 1102 3690 illi
1123 3647 1183 3709 per
1195 3627 1309 3692 mmm

135 3735 237 3800 auitos
259 3753 350 3817 apros
373 3736 407 3797 et
420 3754 450 3818 q.
467 3753 508 3817 s.;
530 3767 574 3778 -
596 3730 658 3795 XV
674 3734 724 3819 11,
741 3732 795 3797 10:
824 3753 863 3798 ne
885 3732 950 3798 dua
978 3734 1100 3816 quidem
1129 3735 1226 3799 obniti
1254 3736 1308 3800 ael·

135 3843 245 3927 uersis,
274 3841 328 3906 sod
348 3844 458 3905 mnata
480 3839 612 3904 militiae
641 3841 751 3904 munia
780 3841 967 3927 immuunt,
997 3841 1100 3906 misus
1128 3841 1239 3906 iterum
1267 3842 1311 3905 ad

137 3947 339 4015 Corbulonem
361 3947 517 4032 proauus,
548 3947 664 4012 ueniret
685 3937 831 4034 propere,
860 3948 1127 4031 sebna-tueretur:
1156 3969 1187 4013 se
1217 3949 1309 4030 fidem

137 4056 263 4122 eamn
277 4105 303 4122 ..
316 4059 491 4120 retenturos.

228 4160 263 4250 β)
292 4161 497 4228 enuntiatum
527 4162 569 4227 ab
599 4165 642 4226 ut
671 4161 828 4248 insipiens
856 4162 1005 4248 sequitur
1029 4162 1134 4227 oratio
1161 4162 1309 4248 oblique:

139 4267 201 4335 An
216 4267 296 4334 XIV
310 4268 363 4355 36,
377 4269 411 4334 2:
439 4269 663 4336 annornm
691 4275 720 4335 et
743 4289 849 4355 preses
878 4269 1033 4356 miscebat,
1069 4275 1106 4334 ut
1136 4275 1310 4354 speonnam

138 4396 261 4442 sonores
283 4375 485 4442 tartaronum
508 4382 537 4442 et
556 4378 666 4443 inanes
687 4378 808 4444 minas:
826 4378 901 4464 plus
923 4377 988 4442 illia
1007 4377 1198 4463 feminarum
1216 4399 1309 4466 quam

139 4485 306 4553 nonantulis
328 4485 436 4572 aspiei.
