3268 5280
804 515 1024 579 ..16-

329 680 466 742 revortar
487 676 531 741 ad
550 675 632 741 illud
652 675 688 741 dc
710 695 770 758 quo
792 675 942 741 iudicium
955 672 1022 741 est“
1046 672 1209 761 (sequitur
1231 674 1371 740 alterum
1393 695 1496 740 exem·

329 780 447 871 plum).
490 781 562 860 Qua
588 782 715 848 ratione
747 805 813 848 una
841 781 881 847 ab
909 782 1012 846 altera
1039 781 1169 848 recedat
1196 781 1371 869 descriptio
1397 782 1498 846 mani·
1575 823 1585 870 3

329 891 452 957 fertum
483 893 548 975 est3
574 890 732 975 probatur
763 892 873 954 autem
904 888 967 954 hac
1000 887 1166 955 Cornificii
1192 888 1435 974 praeteritionis
1467 891 1499 953 et

331 997 560 1083 aposiopeseos
580 996 803 1082 distinctione,
820 995 1027 1082 aposiopesin
1046 1019 1117 1062 esse
1130 1017 1206 1062 vere
1223 996 1364 1082 liguram
1382 1017 1499 1079 aarum,

332 1126 415 1190 quae
437 1103 522 1169 fiunt
544 1126 602 1188 per
625 1103 868 1170 detractionem.
894 1139 930 1150 -
957 1102 1029 1181 Qua
1050 1102 1178 1169 ratione
1195 1101 1334 1169 rCicero
1361 1105 1499 1187 figuram
1563 1179 1565 1186 y
1595 1166 1596 1184 ,

331 1216 481 1276 nostram
504 1211 569 1276 sibi
591 1212 732 1296 finxerit,
754 1211 809 1276 vix
833 1211 897 1276 dici
919 1214 1043 1296 potest3
1064 1233 1141 1276 nam
1164 1211 1199 1275 in
1221 1211 1379 1276 librorum
1399 1211 1438 1276 de
1457 1231 1500 1274 or.
1592 1270 1597 1290 ,

330 1316 382 1384 ΠΙ
401 1317 459 1404 53,
486 1317 552 1383 205
578 1321 812 1384 commemorat
838 1321 968 1383 tantum
995 1317 1256 1403 reticentiam3
1286 1339 1392 1403 neque
1420 1316 1515 1381 satis'

332 1424 612 1509 circumscriptum
635 1429 699 1511 est,
726 1425 813 1511 quod
839 1425 962 1510 legitur
984 1425 1019 1490 in
1041 1429 1162 1490 orator.
1184 1425 1242 1511 40,
1271 1425 1348 1511 1383
1377 1423 1499 1490 reticea-
1592 1492 1596 1509 ¹

333 1533 411 1597 tiam
433 1551 507 1617 esse,
531 1553 625 1614 qaum
647 1533 723 1599 dicit
744 1537 857 1619 αναία,
878 1552 911 1598 sc
932 1533 1055 1613 aliquid
1074 1533 1204 1597 reicere.

336 1704 341 1721 ,
420 1638 594 1705 Praeterea
616 1639 680 1704 huo
705 1639 872 1724 pertinent
899 1638 1064 1724 Aquilae
1087 1638 1248 1705 Romani
1264 1639 1266 1643 ’
1280 1639 1392 1723 verba,
1421 1661 1499 1724 quae

331 1746 490 1832 leguntur
512 1769 564 1831 ap.
587 1745 711 1833 Halm„
737 1746 787 1812 rb.
809 1746 831 1813 l.
850 1768 891 1812 m.
909 1770 941 1832 p.
959 1747 1016 1811 24:
1047 1741 1293 1830 ἀποσιώπησις,
1320 1767 1391 1811 cam
1417 1747 1501 1810 intra

332 1874 389 1919 uos
411 1853 635 1938 supposuimus
656 1874 706 1939 eo,
730 1875 808 1937 quoe
829 1854 942 1918 dicim
963 1855 1113 1939 αέᾱαααν,
1137 1855 1220 1935 qaod
1240 1859 1297 1918 aut
1319 1855 1426 1938 tiiipic
1448 1859 1501 1918 aot
1596 1919 1597 1938 ,

332 1961 486 2026 inuidiosa
503 1964 561 2024 uui
576 1960 695 2042 alioqui
713 1961 800 2026 nobis
815 1961 928 2044 procia
945 1962 1029 2026 dictu
1046 1965 1121 2026 sunt
1132 1956 1295 2046 (sequitur
1309 1962 1500 2046 exemplum,

334 2066 420 2153 quod
451 2066 518 2132 iarn
555 2067 641 2150 apud
678 2065 845 2132 Tiberium
882 2067 1066 2132 invenimur
1104 2067 1253 2153 quodque
1290 2069 1391 2134 etiam
1422 2069 1500 2134 Her·

332 2193 489 2260 mogenes
509 2173 529 2239 l.
544 2173 564 2237 l.
580 2171 735 2261 exhibet).
762 2174 925 2238 Interdum
947 2175 1040 2238 etium
1061 2178 1182 2240 utimar
1199 2174 1257 2240 boc
1278 2177 1390 2262 lipara,
1413 2177 1500 2259 quasi

332 2283 376 2347 ad
406 2281 488 2346 alias
518 2299 567 2347 res
594 2277 681 2369 (add.
709 2277 822 2366 Halm)
848 2301 1055 2365 properemus.
1102 2282 1179 2347 Tale
1211 2287 1257 2348 est
1291 2282 1500 2365 Vcrpiliaacm

332 2389 414 2454 illud
435 2384 530 2475 (Aen.
553 2384 683 2474 1135)
709 2407 811 2471 „quos
836 2407 888 2472 epo
912 2425 954 2434 -
977 2390 1030 2455 scd
1051 2394 1146 2456 metm
1162 2394 1304 2472 praestat
1329 2411 1501 2473 componore

333 2493 478 2578 fluctas“.
503 2531 546 2542 —
569 2493 710 2580 Aquilae
732 2492 873 2559 Romani
905 2495 1125 2562 definitionem
1157 2517 1259 2580 paene
1295 2495 1336 2561 ad
1367 2499 1499 2564 verbum

333 2601 440 2668 reddit
467 2604 580 2667 auctor
607 2600 740 2686 quidam
766 2599 910 2667 incertus
938 2625 989 2687 ap.
1012 2601 1120 2668 Halm.
1143 2626 1173 2687 p.
1194 2602 1246 2670 74.
1267 2639 1304 2648 -
1325 2603 1499 2670 Isidorus

332 2707 584 2794 Hispalensis
613 2707 765 2773 similiter
788 2708 882 2774 docet
908 2731 959 2794 ap.
972 2708 1082 2774 Halm.
1100 2708 1148 2774 rb.
1166 2709 1188 2774 l.
1207 2731 1249 2775 m.
1266 2733 1298 2794 p.
1317 2710 1397 2776 521:
1429 2731 1499 2795 opo·

333 2816 460 2900 aicpccis
482 2819 534 2900 est,
557 2835 626 2880 cum
649 2815 684 2879 id
700 2815 782 2898 qood
797 2816 911 2881 dictim
927 2816 1117 2901 uidebamur,
1139 2816 1260 2881 silentio
1283 2818 1500 2903 intercipimus.
1593 2860 1595 2901 ,

422 2921 577 3008 Trypho
601 2921 804 3017 reticentiam
827 2917 961 3005 τρόπων
986 2919 1141 3006 φράσεως
1163 2945 1234 2988 esse
1257 2923 1348 2989 iubet
1366 2946 1500 3012 eamque
1592 2904 1596 2995 l

333 3050 400 3094 non
428 3030 470 3095 ad
497 3029 628 3114 planam
655 3028 929 3113 interruptionem
961 3029 1016 3096 sed
1050 3031 1091 3095 ad
1123 3030 1374 3096 occultationem
1408 3032 1499 3098 unius

334 3136 510 3201 alteriusve
529 3135 709 3201 sententiae
728 3135 829 3201 refert
846 3136 907 3223 ita,
930 3141 968 3202 ut
986 3140 1165 3203 ceterarum
1183 3133 1409 3204 coniunctione
1432 3163 1499 3205 sen·
1595 3125 1598 3206 s'

333 3243 511 3308 tentiarum
529 3241 733 3326 significetur
750 3243 887 3330 ideoque
905 3245 1062 3332 cognosci
1084 3245 1199 3330 possit.
1244 3242 1501 3331 παρασιώπησις,

333 3349 442 3434 inquit
465 3371 516 3435 ap.
529 3348 635 3417 Walz.
654 3348 736 3415 VIII
755 3373 786 3434 p.
806 3351 886 3435 747,
905 3349 1023 3438 Speng.
1041 3351 1093 3418 III
1112 3377 1142 3438 p.
1163 3352 1240 3437 199,
1259 3349 1328 3417 ἐστὶ
1347 3348 1448 3435 λόγος
1466 3351 1499 3416 ἐν

334 3443 361 3543 pi
385 3451 448 3520 δύο
472 3450 680 3539 ὀφειλόντων
707 3453 911 3541 πραγμάτων
937 3452 1080 3524 κατὰτὸ
1107 3459 1229 3542 πλῆρες
1258 3457 1417 3541 λέγεσθαι
1443 3459 1500 3524 τοῦ

314 3557 395 3646 ’μὲν
415 3558 491 3639 ἑνός
514 3559 604 3628 ἐστιν
628 3561 818 3646 ἐπαγγελία,
841 3565 902 3629 τοῦ
926 3559 1073 3649 δ’ἑτέρου
1092 3561 1343 3650 παρασιώπησις
1360 3563 1443 3632 κατὰ
1464 3560 1499 3630 τὸ

333 3663 504 3752 ἀνάλογον
526 3666 705 3754 νοουμέαη.
1299 3654 1303 3662 ’

423 3775 540 3842 Restat
557 3779 595 3841 ut
605 3777 644 3842 de
655 3776 1099 3854 Quintilianoiudicemus.
1122 3779 1305 3864 Legitur·
1319 3779 1401 3847 VIII
1412 3779 1499 3865 3,83:

333 3883 436 3948 αἱαπα
451 3884 629 3966 praedatae
648 3881 682 3970 (i.
694 3877 727 3950 c.
745 3882 922 3971 brevitati),
948 3887 1001 3950 sed
1018 3887 1152 3970 amplior
1174 3888 1272 3953 virtus
1289 3893 1333 3952 est
1351 3889 1499 3972 ἔμφασις,

333 3989 475 4054 atacem
491 3989 642 4073 praebens
663 3991 859 4072 intellectum,
885 4013 979 4074 quam
1003 4013 1091 4075 quem
1113 3994 1203 4059 verbo
1220 4017 1278 4079 per
1306 4015 1338 4061 se
1363 3995 1432 4077 ipisci
1454 3993 1499 4056 dc·

333 4096 465 4161 clarent.
509 4096 591 4162 Illius
619 4098 698 4162 dccc
725 4103 800 4163 sunt
830 4100 959 4182 species:
994 4100 1115 4164 altera
1149 4122 1228 4183 quoe
1251 4102 1326 4184 plus
1352 4101 1501 4184 apaiftcct

334 4221 430 4284 quum
456 4202 546 4280 dicit;
578 4203 699 4269 altero
726 4225 804 4287 quoe
830 4207 922 4270 ctiam
945 4207 991 4292 id,
1020 4209 1103 4288 quod
1127 4228 1190 4272 παπ
1221 4209 1301 4274 dicit.
1347 4208 1500 4272 Extrema

334 4308 416 4375 haec
437 4309 537 4375 verba
563 4309 598 4374 in
620 4312 641 4391 ἓ
660 4309 703 4376 85
730 4311 792 4376 bac
817 4313 943 4378 ratione
971 4313 1186 4397 explicantur:
1213 4334 1337 4395 sequeus
1364 4310 1499 4398 (pecces)

328 4417 435 4500 posito
449 4421 500 4481 cst
520 4417 556 4481 ia
577 4436 645 4482 cccc
667 4423 723 4482 acci
744 4420 867 4484 omnino
889 4440 1051 4504 suppresso
1073 4427 1130 4486 cut
1151 4422 1244 4486 etcum
1265 4421 1392 4488 abscisa.
1423 4419 1498 4503 Sap-

331 4523 482 4606 primiiur
507 4543 566 4588 cos
591 4529 627 4588 ut
654 4522 727 4603 fecit
745 4546 807 4608 pro
830 4526 959 4608 leporio
988 4525 1092 4592 Cicero
1119 4524 1442 4616 (e.5,15)„qo0da·
1469 4526 1499 4587 ia
