3204 5284
762 427 804 436 -
854 391 916 453 142
962 427 1005 436 -

287 551 469 636 plaunqcoe
499 549 621 616 eam
652 550 908 615 emutatus.
961 549 1109 618 Heraeus
1145 577 1186 618 er
1221 577 1304 620 voce
1341 561 1471 624 trans·

294 660 452 724 mittere
470 657 603 743 supplet
616 655 658 720 ad
671 657 919 722 haesitantes
938 663 1005 722 eut
1023 659 1104 722 leri
1121 682 1316 728 murmure
1334 664 1471 730 verbum
1585 675 1586 720 l

293 767 485 852 proloqui.
521 763 670 848 Miuime3
687 787 764 828 nam
776 765 879 828 verta
897 765 1061 830 silentio
1074 769 1355 835 transmittere
1373 794 1471 836 unam

292 871 439 938 efficiunt
455 873 633 956 notionem,
650 894 690 936 ex
708 893 774 955 qua
790 873 958 936 notionem
975 873 1103 938 dicendi
1119 896 1253 958 prorsus
1273 879 1471 943 contrariam

293 980 486 1066 intellegere
508 999 575 1042 uon
599 979 693 1064 licet3
716 979 941 1042 transmittere
966 985 1078 1044 antem
1102 981 1227 1065 aliquid
1252 989 1367 1067 potest
1386 986 1471 1070 quis·

294 1109 392 1174 qnam
415 1091 474 1152 aut
495 1085 663 1150 haeum
686 1089 744 1149 aut
766 1085 832 1149 leri
854 1107 1020 1150 murmure
1043 1092 1102 1151 aut
1123 1089 1268 1154 silentio.

383 1193 504 1276 luto,
521 1193 654 1256 9-11:
676 1194 843 1275 pomnen
864 1212 956 1256 mm
978 1195 1048 1258 diuo
1070 1194 1157 1259 Iulio
1174 1247 1207 1260 ..
1229 1218 1357 1280 corpore
1383 1205 1472 1282 atque

293 1303 444 1367 odecimo
463 1301 635 1384 plausisse:
663 1299 765 1364 etiam
794 1299 858 1364 hoe
891 1300 963 1364 loco
986 1300 1107 1366 Heraei
1136 1324 1276 1388 zeugma
1303 1305 1470 1392 displicet3

294 1410 411 1475 mulier
433 1409 521 1474 enim
544 1406 604 1471 illa
621 1407 745 1491 placuit
759 1403 897 1472 turi
915 1429 1060 1492 corpore⁷
1080 1409 1144 1474 ie.
1156 1410 1419 1498 pulchritudine,
1440 1418 1471 1478 et

295 1517 372 1603 quia
395 1539 430 1582 se
452 1517 488 1581 in
517 1514 715 1580 adulterim
744 1515 776 1578 ei
805 1513 905 1578 dedit.
927 1551 968 1558 -
991 1514 1072 1599 V3,
1091 1518 1149 1582 16:
1176 1519 1335 1600 opem
1365 1525 1470 1605 enas,

293 1627 330 1690 iu
350 1627 420 1707 quie
441 1623 516 1688 erbe
537 1628 567 1686 et
588 1622 731 1704 mum
754 1621 866 1686 dicatu
901 1621 1002 1706 Bauli,
1024 1622 1172 1690 Heaeus
1190 1625 1250 1688 alii
1276 1648 1317 1690 ex
1343 1627 1469 1692 dicato

294 1731 335 1798 ad
363 1733 453 1796 urbs
484 1728 684 1795 subaudiunt
714 1729 881 1794 condita.
915 1728 1000 1794 Mihi
1020 1730 1093 1795 fieri
1121 1753 1188 1796 uon
1216 1754 1315 1817 posse
1343 1734 1470 1800 ridetur

294 1839 362 1904 tale
390 1838 482 1923 quid,
512 1837 591 1922 quia
613 1841 669 1900 aut
692 1836 830 1920 pluralis
853 1836 986 1900 dicata
1005 1837 1129 1902 indicat
1151 1837 1304 1904 Tacitum
1334 1843 1467 1906 verbum

294 1947 357 2010 hoc
388 1945 429 2010 ad
461 1949 636 2028 utrumque
666 1943 909 2008 substantivum
941 1945 1091 2010 consulto
1122 1946 1306 2030 rettulisse,
1340 1954 1416 2032 aut,
1442 1949 1464 2014 si

296 2053 497 2138 singularem
520 2072 692 2116 numerum
718 2049 840 2114 tribuis
867 2050 1011 2134 dicata,
1039 2051 1170 2136 proprie
1192 2053 1234 2116 ad
1256 2054 1362 2119 urbs.
1411 2055 1461 2122 (luc

295 2165 405 2226 autem
428 2159 508 2224 urbs
531 2157 697 2223 condenda
718 2158 845 2222 numiui
867 2158 1010 2242 cuipiam
1040 2157 1141 2222 dicari
1170 2181 1238 2224 non
1269 2163 1408 2245 potnit?
1425 2199 1456 2208 -

295 2269 357 2333 Au
370 2265 417 2332 lv
433 2267 487 2352 50,
503 2266 545 2330 10
558 2287 638 2352 seq.:
659 2267 784 2347 atrimae
800 2267 984 2330 desim
1006 2286 1076 2330 mm
1095 2265 1230 2330 leenae
1252 2271 1401 2348 maere,
1422 2271 1463 2336 scd

298 2375 399 2440 Tarsa
414 2394 584 2458 properum
606 2374 713 2457 finem,
740 2372 967 2456 &mmmdcc
982 2373 1106 2454 puriter
1130 2393 1197 2454 opes
1223 2395 1261 2438 uc
1287 2382 1391 2442 muas
1411 2378 1464 2442 cla-

294 2483 423 2563 mitans,
449 2481 533 2546 dedit
553 2480 723 2563 encomium
746 2481 876 2544 &misso
897 2482 933 2544 iu
949 2485 1056 2562 pectis
1079 2480 1173 2560 ferro.
1218 2481 1411 2568 Nipperdey
1432 2507 1466 2550 ex

295 2587 475 2677 gerundivo
497 2587 725 2652 necessitatem
748 2586 948 2670 dgnificeuti
965 2591 1000 2652 et
1017 2608 1091 2650 cum
1109 2586 1208 2652 verbo
1223 2589 1354 2656 dicendi
1377 2589 1467 2678 (cla-

296 2693 458 2782 mitans)
481 2694 654 2760 coniuncto
676 2694 843 2758 notionem
861 2693 1014 2779 supplere
1031 2694 1104 2758 vult
1126 2695 1292 2768 suadens
1311 2698 1354 2762 ad
1372 2699 1468 2765 verba

296 2825 504 2889 properum
528 2799 664 2884 iincm;
690 2801 725 2864 in
748 2800 903 2864 auxilium
928 2805 1025 2866 vocat
1046 2800 1137 2865 locos
1160 2801 1222 2866 An.
1241 2802 1468 2890 V124,13s15

297 2907 352 2998 (ci.
365 2933 396 2996 p.
414 2907 491 2995 139)
521 2915 554 2974 et
584 2907 627 2973 ib.
642 2908 700 2993 38,
721 2908 774 2992 5,κὸ
793 2907 847 2993 (ci
869 2907 954 2972 infra
974 2931 1005 2993 p.
1023 2909 1111 2994 144).
1156 2907 1221 2973 Sed
1251 2911 1319 2976 iam
1341 2911 1469 2998 Miller,

297 3015 452 3084 Zeitsehr.
461 3015 552 3082 fest.
561 3014 678 3099 Gymn.
686 3015 764 3100 261).
772 3014 838 3080 645
860 3014 937 3079 huic
959 3014 1132 3100 analogiae
1159 3018 1252 3100 quusi
1280 3017 1469 3085 fundamen-

297 3129 367 3190 tum
392 3121 570 3206 subtraxit,
597 3143 670 3186 cum
694 3125 782 3186 recte
805 3121 936 3186 doceret
964 3121 1046 3186 huec
1068 3122 1218 3207 exempla
1240 3147 1312 3190 esse
1334 3149 1468 3210 prorsus

297 3231 382 3296 alius
406 3227 548 3315 generis,
580 3229 657 3314 quia
678 3228 748 3293 illic
770 3251 810 3293 ex
832 3228 904 3294 sola
930 3229 1105 3294 verborum
1131 3229 1277 3314 ipsorum
1306 3233 1469 3318 significa·

297 3337 400 3424 tione,
426 3335 480 3402 hic
507 3357 583 3401 vero
607 3356 760 3400 maxuma
787 3358 826 3400 ex
852 3329 946 3420 pa'rte
970 3358 1008 3400 cx
1031 3337 1156 3402 formae
1180 3340 1415 3422 grammaticae
1438 3342 1470 3406 vi

296 3443 389 3512 notio
412 3443 523 3529 aliqua
545 3447 722 3528 repetetur.
767 3441 847 3507 Tale
875 3442 952 3527 quid
979 3444 1113 3509 minime
1140 3443 1211 3508 fieri
1237 3446 1356 3528 potuit
1401 3447 1470 3513 Nec

297 3550 331 3619 id
361 3549 488 3617 dicendi
519 3571 635 3636 genus,
665 3548 751 3634 quod
773 3548 908 3634 Madvig
931 3550 1186 3636 circumscripsit
1209 3551 1249 3615 ad
1269 3549 1336 3618 (lic.
1358 3554 1470 3620 defin.

298 3657 330 3725 Il
349 3657 401 3744 31,
418 3657 481 3722 103
496 3653 540 3742 (p.
554 3653 644 3743 315),
667 3655 707 3722 ad
721 3661 871 3722 nostrum
885 3657 993 3722 locum
1005 3657 1238 3741 explicandum
1257 3658 1293 3723 in
1311 3661 1469 3727 auxilium

298 3763 406 3830 vocari
436 3767 555 3849 potest.
610 3760 749 3829 (tollatis
782 3765 868 3828 enim
901 3763 1144 3830 accuratissime
1177 3766 1350 3851 exemplis,
1388 3791 1470 3854 quse

298 3869 431 3958 Madvig
449 3869 521 3936 loco
540 3869 598 3936 illo
618 3871 753 3956 collegit
772 3906 812 3917 -
834 3868 898 3936 Cic.
917 3869 1005 3936 Lcel.
1020 3871 1076 3955 743
1094 3870 1205 3948 Quint.
1218 3871 1267 3938 IV
1281 3873 1312 3958 5,
1327 3875 1384 3960 203
1404 3874 1470 3942 (lio.

299 3976 338 4044 de
357 3977 422 4044 inv.
436 3976 469 4044 II
487 3978 562 4064 1303
581 3977 687 4044 Varro
708 3978 746 4043 de
765 4001 799 4044 re
818 3982 900 4043 rust.
914 3977 963 4042 ΙΙΙ
981 3977 1034 4063 9,8
1056 3982 1188 4063 ·--putet
1203 4002 1242 4043 ex
1262 4000 1375 4043 eorum
1395 4004 1469 4046 ana-
1583 4011 1584 4020 ¹

298 4085 389 4171 logia
413 4085 517 4150 locum
542 4089 689 4151 nostrum
719 4085 874 4172 explicari
896 4105 962 4150 nou
991 4105 1086 4169 posse
1115 4085 1179 4148 uisi
1207 4085 1375 4170 scripseris
1396 4109 1470 4170 pro-

293 4213 405 4276 perum
427 4191 521 4274 Mem
538 4191 618 4277 fieri,
639 4213 681 4258 so.
700 4196 846 4277 eponae,
868 4191 1093 4274 abrumpendas
1116 4198 1150 4256 et
1165 4213 1195 4275 q.
1210 4213 1235 4256 s.
1267 4191 1344 4256 Alia
1366 4193 1471 4278 igitur

299 4297 534 4384 interpretandi
557 4296 611 4364 via
633 4296 773 4364 ineunda
795 4303 854 4364 est.
891 4297 1033 4364 Pfitzner
1051 4321 1081 4382 p.
1098 4297 1235 4381 148s149
1253 4300 1378 4364 iustum
1400 4323 1468 4366 mo-

301 4404 377 4471 dum
408 4403 559 4492 excessit,
590 4409 626 4470 ut
654 4405 742 4491 ipsas
773 4426 985 4490 personarum
1017 4405 1183 4488 egentium
1216 4406 1469 4471 exclamationes
