3242 5284
782 531 1096 594 .‚q..¹

390 691 452 761 Sed
488 716 529 759 ne
562 692 682 778 longus
713 691 776 756 sim
805 689 947 756 breviter
977 689 1081 754 dicem
1111 688 1150 754 de
1180 687 1251 752 sola
1280 685 1470 770 Draegeri

299 800 581 868 commentatione.
627 795 704 864 Sine
728 797 825 862 dubio
850 818 977 864 summa
1004 795 1150 861 utilitate
1179 794 1326 861 adhiberi
1352 795 1471 879 potest,

298 912 337 974 ut
365 908 401 972 in
429 907 614 973 universum
643 905 738 971 nohis
769 903 862 990 quasi
891 903 1069 988 imaginem
1098 901 1249 968 Taciteae
1279 899 1471 968 elocutionis

299 1017 476 1100 fingamus3
505 1013 562 1078 sed
592 1011 722 1097 penitus
752 1011 788 1076 in
817 1033 889 1076 earn
918 1009 1125 1096 inquisitoris
1157 1009 1291 1074 minime
1321 1007 1473 1092 sufficiet,

259 1202 263 1208 Ι
300 1122 377 1207 quia
410 1120 449 1185 de
482 1119 596 1184 multis
626 1119 723 1184 rebus
754 1119 884 1204 singula
913 1121 1043 1183 tantum
1072 1138 1179 1201 neque
1208 1116 1289 1181 satis
1320 1115 1472 1180 absoluta

300 1228 444 1313 exhibet;
463 1226 549 1312 quod
563 1225 724 1311 imprimis
737 1211 945 1290 iudicandum
965 1227 1015 1288 est
1035 1219 1073 1288 de
1092 1223 1132 1287 iis
1153 1222 1330 1308 capitibus,
1353 1221 1471 1307 quibus

244 1413 252 1438 Ι
300 1334 425 1420 ellipsis
456 1332 717 1418 breviloquentia
743 1331 877 1398 Tacitea
899 1335 1068 1398 tractatur.
1091 1367 1133 1378 —-
1158 1328 1221 1396 Sed
1244 1333 1282 1395 ut
1303 1329 1384 1394 haec
1406 1350 1473 1393 non
1559 1363 1562 1372 ·
1618 1299 1619 1366 l

301 1441 454 1527 disserui,
475 1443 513 1505 ut
540 1440 626 1505 viros
652 1438 729 1505 illos
753 1440 792 1505 de
816 1439 1006 1525 explicanda
1028 1438 1135 1503 Taciti
1157 1436 1319 1503 scribendi
1346 1435 1473 1501 ratione

300 1548 387 1614 haud
410 1546 592 1614 immeritos
614 1545 703 1612 iusto
726 1547 831 1633 magis
853 1546 1048 1632 vituperem,
1071 1546 1119 1611 ita
1141 1566 1207 1610 non
1224 1543 1413 1629 negaverim
1431 1565 1473 1608 ne

300 1679 352 1720 me
382 1654 511 1739 quidem
537 1657 648 1719 totum
681 1652 958 1738 breviloquentiae
987 1652 1139 1718 Taciteae
1169 1673 1263 1716 usum
1293 1649 1473 1716 describere

300 1783 410 1848 posse,
439 1759 516 1846 quia
538 1761 618 1825 fines
646 1759 722 1824 huic
749 1759 861 1825 libello
889 1760 1015 1845 positos
1043 1761 1141 1846 longe
1164 1757 1346 1844 excederet3
1371 1757 1473 1822 immo

300 1889 377 1934 vero
405 1888 444 1932 eo
472 1866 682 1952 contendam,
711 1871 749 1933 ut
777 1867 934 1952 singula
963 1864 1302 1951 breviloquentiae
1332 1885 1473 1950 genera

300 1975 504 2041 verborum
526 1973 686 2059 propria
708 1995 804 2058 quae
829 1973 1009 2039 dicuntur
1032 1971 1187 2058 ellipsis
1211 1992 1368 2058 zeugma
1385 1972 1472 2037 com*-

258 2131 260 2146 .
300 2081 507 2167 prehendam.
553 2079 624 2156 Qua
650 2080 686 2144 in
707 2102 743 2146 re
765 2095 832 2145 non
856 2083 925 2146 tam
947 2102 990 2146 ne
1017 2079 1191 2145 admittam
1214 2079 1331 2145 vitium
1353 2077 1473 2148 nimiae

302 2188 510 2272 subtilitatis,
543 2209 640 2272 quam
668 2187 836 2253 denotavit
862 2186 1008 2274 Draeger
1035 2187 1056 2251 l.
1074 2186 1096 2251 l.
1115 2211 1143 2272 p.
1164 2185 1198 2271 5,
1227 2209 1323 2271 quam
1351 2206 1474 2271 vereor,

278 2318 342 2380 ne
363 2290 501 2378 'singula
534 2315 616 2378 quae
647 2293 687 2358 ad
716 2316 784 2359 rem
807 2294 971 2379 pertinent
994 2297 1129 2379 propter
1153 2292 1380 2358 difficultatem
1404 2291 1474 2356 eius

301 2400 567 2487 praetermittam.
622 2399 685 2465 Pro
721 2404 810 2466 certo
848 2400 933 2465 enim
965 2399 1129 2466 affirmare
1160 2399 1237 2466 licet
1274 2399 1371 2464 aliam
1407 2420 1474 2464 non

302 2530 372 2574 esse
409 2510 584 2592 syntaxeos
621 2529 703 2591 quae
740 2507 858 2572 dicitur
889 2511 1023 2574 ornatae
1054 2511 1196 2593 partem,
1233 2529 1315 2592 quae
1351 2506 1475 2592 pariter

302 2613 458 2699 effecerit,
484 2616 522 2678 ut
549 2635 676 2678 summa
705 2614 846 2680 virorum
875 2614 1044 2680 doctorum
1072 2614 1111 2680 de
1138 2613 1172 2680 vi
1199 2635 1237 2679 ac
1258 2618 1377 2679 natura
1404 2613 1474 2678 eius

303 2719 461 2786 dissensio
500 2719 667 2804 existeret,
704 2725 737 2786 et
760 2743 857 2805 quae
888 2723 957 2784 tam
989 2720 1076 2786 varie
1110 2725 1208 2806 atque
1240 2721 1401 2787 contrarie
1432 2719 1474 2784 ad

303 2830 450 2893 veterum
474 2827 598 2912 scripta
620 2825 864 2912 interpretanda
887 2826 1035 2892 adhibita
1057 2827 1115 2914 sit,
1138 2831 1172 2892 et
1190 2848 1272 2912 quae
1290 2831 1475 2911 temporum

303 2934 440 2999 decursu
462 2935 515 2998 tot
537 2933 727 3018 opinionum
752 2933 944 3000 commentis
973 2933 1201 3018 erroribusque
1223 2934 1321 3019 longe
1344 2934 1475 3019 lateque

303 3040 428 3105 diffusis
462 3040 505 3105 sit
538 3040 631 3124 quasi
663 3039 858 3126 deformata,
894 3063 992 3126 quam
1028 3040 1088 3107 illa
1124 3043 1206 3126 quae
1243 3063 1308 3106 una
1340 3041 1474 3106 notione

303 3147 456 3232 ellipseos
484 3145 713 3230 comprehendi
741 3147 834 3212 solet.
879 3146 948 3212 Nec
975 3149 1107 3233 mirum3
1135 3150 1186 3212 est
1208 3147 1294 3212 enim
1317 3151 1474 3232 tanquam

302 3255 556 3318 instrumentum
580 3275 599 3317 a
621 3252 808 3318 rhetoribus
831 3252 1021 3339 dicendique
1040 3254 1217 3320 artificibus
1241 3252 1474 3319 adornandam

303 3359 486 3426 orationem
524 3359 706 3444 inventum,
745 3360 830 3444 quod
869 3364 907 3425 ut
944 3361 1041 3426 certis
1078 3361 1308 3447 grammaticae
1344 3360 1474 3444 legibus

304 3466 474 3533 astrictum
501 3487 565 3530 non
593 3470 643 3532 est
669 3465 718 3531 ita
741 3465 958 3551 interpretum
986 3467 1122 3532 arbitrio
1146 3466 1362 3553 permittitur,
1389 3467 1475 3553 quia,

303 3573 487 3657 ubicunque
519 3572 629 3657 agitur
661 3571 700 3637 de
731 3572 804 3638 loco
837 3572 950 3659 dubio,
981 3576 1057 3639 ante
1089 3574 1199 3639 omnia
1228 3574 1340 3658 quaeri
1370 3574 1475 3660 debet,

304 3684 462 3766 quantum
499 3678 652 3744 audaciae
688 3679 790 3744 menti
827 3682 860 3745 et
891 3679 1135 3766 intellegentiae
1172 3685 1205 3747 et
1237 3681 1300 3746 arti
1332 3680 1474 3746 auctoris

305 3791 526 3874 quantumque
553 3786 685 3870 ingenio
713 3786 891 3871 legentium
919 3787 963 3852 sit
984 3786 1202 3853 tribuendum.
1252 3787 1323 3864 Quo
1350 3787 1475 3853 factum

304 3897 355 3960 est
383 3898 421 3959 ut
450 3893 537 3958 haud
565 3915 638 3958 raro
667 3893 862 3979 interpretes
893 3916 931 3959 ex
962 3916 1020 3958 suo
1050 3894 1186 3980 quisque
1213 3893 1346 3979 ingenio
1376 3899 1475 3980 atque

305 4000 486 4067 eruditione
521 3999 570 4064 ita
604 4000 691 4064 inter
726 4022 761 4066 se
783 3999 1015 4085 dissentirent,
1052 4005 1089 4066 ut
1121 4001 1207 4086 quod
1239 4001 1296 4066 ille
1327 4001 1475 4087 pulcher-

305 4107 406 4171 rimae
434 4105 696 4190 iustissimaeque
729 4106 882 4172 audaciae
911 4129 981 4172 esse
1009 4107 1148 4190 dixerat,
1175 4107 1228 4173 hic
1256 4109 1474 4174 acerbissimis

305 4211 413 4279 verbis
431 4211 634 4296 ineptissime
654 4212 776 4278 dictum
796 4235 866 4279 esse
881 4213 1099 4280 contenderat.
1138 4213 1226 4280 Satis
1245 4215 1348 4299 igitur
1368 4216 1475 4280 elucet

305 4318 446 4404 primum
474 4339 512 4383 eo
540 4318 710 4384 nitendum
738 4342 821 4406 esse,
852 4325 889 4386 ut
916 4343 1013 4406 quam
1041 4321 1301 4387 enucleatissime
1328 4323 1409 4387 fines
1437 4344 1475 4387 ac

306 4425 410 4512 leges,
433 4425 550 4511 quibus
574 4425 865 4493 circumscribenda
888 4427 955 4492 sint
972 4428 1032 4493 illa
1049 4428 1329 4514 breviloquentiae
1347 4450 1475 4516 genera,

307 4531 529 4617 depingamus.
575 4532 625 4599 Ut
661 4537 788 4598 autem
825 4534 863 4599 ri
897 4555 938 4598 ac
971 4538 1112 4600 natura
1146 4535 1332 4620 ellipseos
1363 4558 1475 4620 quarn
