3242 5284
628 470 847 536 ..49-

151 627 374 694 consentiente
396 627 544 716 Halmi0,
566 630 598 697 J.
621 629 735 698 Jahrb.
753 633 815 698 109
830 655 861 718 p.
875 634 940 698 408
963 634 1080 715 alitque
1107 634 1181 700 haec
1203 637 1324 704 cattinis

150 735 415 820 cantarentur,
439 736 517 822 quia
539 759 577 803 ex
598 737 707 803 verbis
730 738 919 805 insectari
943 743 977 806 et
999 741 1201 827 exagitare
1224 743 1323 829 longe

150 841 234 906 alius
254 843 504 928 significationis
525 845 658 910 verbum
678 849 754 930 post
777 849 892 931 atquc
915 849 1001 913 surni
1019 871 1084 914 non
1102 854 1222 934 posset.
1259 849 1323 916 Sed

149 949 200 1014 vir
223 949 280 1014 ille
300 950 507 1016 acutissimus
532 953 639 1039 magis
662 952 886 1040 ingenio'suo,
909 977 973 1040 quo
996 956 1082 1022 hanc
1104 957 1322 1024 coniecturam

148 1056 409 1143 excogitaverat,
426 1058 570 1132 ‚indulsit
589 1081 686 1144 quam
708 1060 806 1125 iustis
830 1061 946 1128 causis.
987 1061 1217 1150 Unusquisque
1236 1065 1321 1130 enim

148 1165 303 1230 concedet
325 1165 482 1250 exemplis
507 1188 606 1252 supra
628 1167 738 1232 allatis
761 1167 906 1254 probari,
929 1167 1080 1235 Taciturn
1107 1177 1184 1257 post
1207 1175 1322 1258 atque

147 1273 242 1337 haec
264 1273 398 1338 verbum
428 1273 546 1357 agendi
574 1275 726 1340 omittere
753 1273 901 1361 potuisse
925 1272 980 1361 (cf.
1004 1277 1104 1342 etiam
1128 1277 1252 1360 infra§
1275 1276 1320 1366 4).

147 1379 265 1465 Itaque
278 1379 448 1445 Andresen
462 1379 695 1466 vituperandus
709 1405 775 1448 non
790 1386 849 1467 est,
868 1383 954 1468 quod
967 1382 1046 1448 fecit
1060 1385 1130 1468 Igu.
1145 1383 1322 1472 Prannner,

148 1486 215 1553 uf.
232 1492 345 1552 deterr.
363 1487 471 1571 Gymn
493 1488 534 1552 31
551 1511 581 1572 p.
598 1487 676 1574 752,
699 1489 785 1574 quod
807 1488 965 1576 Madvigii
988 1491 1079 1556 illam
1103 1492 1321 1559 coniecturam

146 1615 211 1660 non
244 1595 422 1680 recepisset
453 1595 485 1659 in
518 1595 729 1661 novissimam
766 1596 933 1662 annalium
969 1596 1145 1663 editionem
1181 1596 1320 1686 Nipper-

149 1702 306 1768 deianam.

235 1808 346 1874 Dictio
382 1809 668 1895 praepositionalis
705 1811 830 1877 accedit
859 1811 900 1876 ad
937 1811 1156 1876 accusativum
1189 1811 1320 1878 obiecti:

153 1915 189 1980 H.
202 1917 253 1982 llI
268 1917 321 2001 33,
343 1917 454 1998 10s13:
478 1919 606 1999 qnidam
624 1919 712 1984 obvia
730 1920 897 2002 aspernati,
915 1919 1086 1984 animitas
1105 1921 1321 2002 tormentisque
1392 1916 1397 1926 '

148 2023 344 2089 dominorum
374 2023 481 2089 abdita
510 2027 660 2105 tantari,
690 2027 810 2107 defossa
839 2046 961 2090 eruere:
988 2028 1072 2106 taces
1101 2027 1137 2090 in
1166 2027 1319 2112 mnibus,

146 2151 242 2212 qaas,
265 2131 320 2194 nti
334 2132 489 2214 praedam
511 2137 692 2216 epessermt,
716 2133 751 2198 in
773 2153 888 2199 caonas
911 2134 1016 2198 domos
1030 2183 1054 2197 ..
1067 2183 1074 2197 .
1088 2133 1319 2198 incantantur.

147 2235 198 2303 Sic
222 2236 337 2323 Halm;
360 2237 506 2304 Heraeus
530 2239 733 2323 interpunxit
805 2261 923 2318 eruere,
943 2238 1028 2320 faces
1050 2239 1085 2304 in
1108 2239 1253 2304 manitas
1276 2262 1319 2304 sc.

145 2347 341 2431 gerentes:
364 2367 429 2411 non
447 2346 564 2432 placet,
586 2367 659 2411 aum
679 2345 809 2411 defossa
832 2350 980 2412 eruentes
998 2346 1051 2411 vix
1065 2345 1152 2410 faces
1167 2345 1202 2410 in
1215 2347 1318 2411 mani-

144 2451 204 2518 bus
230 2473 343 2538 gerere
365 2453 500 2537 possint.
526 2452 762 2518 -Praeterea
791 2452 932 2518 fortasse
961 2452 1026 2516 huc
1057 2451 1199 2538 pertinet
1228 2453 1318 2518 locus

144 2559 233 2624 haud
247 2558 429 2624 dissimilis:
452 2559 493 2626 H.
507 2559 554 2625 IV
569 2560 622 2646 35,
645 2558 709 2644 579:
733 2561 788 2641 qna·
800 2561 854 2625 nin
866 2581 994 2626 rnrsnm
1008 2560 1117 2625 missos
1131 2559 1319 2624 Nouaesium

140 2670 382 2747 frumentatores
396 2655 551 2746 'arensque
572 2671 607 2732 in
622 2668 819 2753 praesidium
847 2667 979 2734 colentes
1009 2667 1090 2732 velat
1117 2667 1217 2732 malta
1239 2688 1319 2750 pace

142 2774 265 2857 inpredi
287 2774 412 2858 accepit,
443 2796 553 2840 earnm
579 2776 666 2857 apud
694 2775 785 2858 sipna
808 2774 945 2858 militem,
976 2793 1069 2838 arina
1099 2774 1134 2837 in
1164 2773 1319 2860 vennatis,

142 2885 268 2946 cunctos
291 2881 413 2946 licentia
442 2901 533 2964 vapos
563 2882 746 2963 compositas
774 2881 906 2948 invadit.
956 2879 1222 2964 Interpunctione
1252 2882 1317 2946 iarn

142 2987 360 3053 indicavimus
397 3009 457 3052 nos
488 2987 608 3054 Heraei
637 2987 939 3073 interpretationem
967 3009 1034 3052 non
1065 2986 1221 3072 probare,
1253 3010 1318 3073 qua

142 3095 246 3161 verba
268 3115 541 3178 rarum-vagos
571 3095 777 3180 epexegeticc
807 3093 849 3158 ad
872 3094 972 3158 verba
1000 3094 1083 3160 celat
1110 3093 1210 3158 malta
1238 3115 1319 3177 pace

140 3202 267 3286 inpredi
289 3201 400 3268 addita
423 3223 493 3266 esse
517 3201 732 3287 contenditur,
754 3200 803 3266 ita
825 3205 864 3265 ut
887 3201 927 3265 ad
947 3200 1095 3286 singular
1114 3200 1317 3266 accusativos

141 3309 326 3375 infinitivus
357 3330 439 3374 esse
474 3309 677 3394 suppleatu13
702 3308 802 3372 immo
831 3307 983 3394 apodasis
1016 3306 1132 3392 incipit
1165 3307 1206 3371 ab
1238 3329 1317 3373 voce

140 3437 272 3493 raram;
301 3415 399 3481 verba
425 3434 516 3481 arma
547 3416 746 3481 invenientis
774 3438 816 3480 sc.
834 3415 1023 3481 habentes
1042 3414 1075 3479 vi
1100 3413 1316 3499 appositionis

142 3525 233 3589 diota
258 3528 335 3588 sunt
354 3523 487 3609 perinde
509 3545 545 3604 aa
566 3545 665 3608 supra
677 3522 778 3588 verba
789 3522 873 3602 jaces
886 3524 922 3587 in
944 3521 1097 3605 manitus,
1120 3519 1148 3584 si
1172 3518 1316 3603 sequeris

141 3631 267 3696 Heraei
289 3630 607 3715 interpretationem,
636 3651 718 3714 quae
743 3629 918 3694 secundum
941 3625 1101 3693 rationein
1124 3625 1315 3711 grammati·

142 3761 216 3804 cam
230 3738 354 3823 optime
373 3737 518 3822 quadrat.
542 3773 577 3782 -
599 3736 729 3822 Reliqui
749 3740 825 3802 sunt
843 3735 877 3800 hi
895 3735 972 3818 loci,
990 3733 1069 3820 Agr.
1082 3734 1132 3817 19,
1151 3731 1217 3797 bs:
1236 3731 1316 3796 nihil

135 3867 196 3928 per
221 3845 341 3910 libertos
363 3865 521 3927 sanosque
536 3844 680 3927 publicae
709 3844 770 3928 rei,
800 3865 863 3908 non
891 3843 1002 3908 stadiis
1031 3841 1163 3922 privatis
1194 3860 1248 3904 nec
1278 3860 1316 3904 ea

141 3953 403 4018 commendatione
435 3957 492 4016 ant
521 3953 664 4034 precibus
695 3951 899 4016 centurionem
935 3949 1082 4014 militesve
1117 3947 1226 4030 ascire,
1264 3947 1317 4011 sed

142 4061 294 4143 optimam
323 4079 468 4142 qnemqne
495 4059 683 4141 fidissimam
699 4062 821 4140 patere.
867 4055 943 4120 Non
966 4055 1077 4140 agitur
1098 4051 1251 4118 hocloco
1276 4051 1315 4117 de

142 4170 315 4252 zeugmate
337 4168 396 4231 illo
425 4166 572 4251 vulgari,
599 4188 663 4250 quo
693 4163 785 4228 notio
811 4163 972 4248 generalis
996 4184 1035 4226 ex
1067 4159 1216 4245 speciali,
1244 4159 1264 4224 i.
1288 4181 1314 4225 e.

142 4295 260 4360 agere
284 4295 322 4338 ex
346 4274 483 4358 ascire,
503 4272 681 4358 suppletur,
701 4271 787 4355 quod
801 4270 906 4335 voluit
925 4269 1004 4333 olim
1019 4267 1144 4352 Koziol,
1159 4265 1313 4332 Zeitschr.

141 4383 164 4448 f.
173 4385 234 4446 'ast
246 4381 284 4447 G.
294 4381 380 4446 1870
392 4405 423 4466 p.
438 4381 494 4463 343
512 4379 648 4444 nimium
669 4378 756 4444 enim
770 4377 921 4464 generale
935 4374 1064 4440 videtur
1078 4373 1171 4439 notio
1185 4393 1314 4458 agere,

143 4511 242 4575 quam
266 4492 304 4553 ut
327 4511 365 4552 ex
392 4487 525 4552 notione
548 4491 616 4551 tem
645 4488 787 4570 angusta
809 4482 1047 4567 significatione
1069 4480 1218 4565 praedita
1240 4481 1314 4545 sub-

200 4611 312 4662 Clemm,
327 4611 354 4650 ds
369 4611 552 4659 breviloquentia
567 4611 666 4649 Tacitae.
1084 4591 1101 4638 4
1164 4625 1167 4630 Α
