3204 5284
631 473 875 540 -139-

156 635 300 700 verbum
323 637 584 723 cornabantur
607 636 766 721 quadrare
789 635 830 701 ad
854 635 1035 701 excubias
1060 640 1093 702 et
1115 636 1338 721 imperfectum

155 741 200 806 in
224 742 368 807 membro
391 743 500 828 priore
522 742 655 809 ut-otim
677 742 759 808 bene
781 741 861 808 ferri
883 763 989 828 posse.
1029 742 1124 830 ’Opus
1148 743 1250 829 igitur
1272 766 1339 809 non

157 853 217 914 est
240 846 418 935 Nipperdei
441 853 475 917 et
498 849 680 917 Andreseni
710 849 939 937 explicatione,
969 873 1033 935 qua
1062 855 1139 936 post
1168 850 1260 916 olim
1289 851 1337 915 in-

155 955 322 1043 tellegere
344 955 495 1023 iubemur
517 939 673 1024 luerint
694 957 747 1022 vel
771 961 884 1023 actae
915 961 1027 1023 erant
1057 979 1096 1022 ex
1129 959 1338 1023 servaban-

156 1069 241 1129 tur.
264 1099 307 1112 -
337 1063 451 1149 Halm,
480 1065 512 1130 J.
524 1063 639 1130 Jahrb.
657 1063 718 1130 109
732 1088 763 1149 p.
777 1064 857 1149 413,
885 1063 1052 1151 Madvigio
1084 1064 1164 1130 duce
1195 1061 1250 1151 (ef.
1268 1063 1339 1130 adv.

156 1169 238 1236 crit
252 1169 286 1236 11
299 1193 330 1255 p.
345 1169 547 1258 554-555)
581 1170 729 1237 restituit
760 1169 977 1255 pulcherrime
1009 1171 1117 1237 locum
1150 1176 1338 1257 corruptum

158 1277 250 1342 Ann.
266 1276 345 1344 XIV
361 1278 414 1364 54,
432 1279 584 1344 12—13:
606 1283 742 1362 mperest
763 1279 819 1342 aaa·
836 1279 930 1342 robur
947 1284 977 1343 et
993 1283 1037 1343 tat
1046 1299 1106 1361 per
1123 1299 1223 1344 anuos
1239 1280 1339 1344 uem

158 1386 298 1450 summi
324 1386 447 1469 faet'pii
475 1387 626 1469 rupim
661 1385 794 1471 supplet
828 1407 866 1450 ex
897 1391 1086 1470 superest
1114 1407 1173 1471 per
1202 1405 1339 1472 zeugma

159 1491 300 1558 verbum
324 1491 435 1558 adest
457 1498 533 1578 post
555 1492 741 1578 regimem
778 1491 841 1558 Sed
864 1513 972 1558 nonne
993 1491 1134 1559 fortasse
1151 1477 1269 1558 melius
1291 1513 1338 1557 re·

160 1599 268 1664 fertur
286 1599 327 1664 ad
345 1599 379 1664 id
398 1598 525 1666 dicendi
545 1619 658 1685 genus,
680 1598 720 1664 de
739 1621 803 1684 quo
822 1598 966 1664 breviter
987 1600 1143 1666 disseruit
1160 1599 1338 1685 Andresen,

164 1705 350 1772 Jahresber.
374 1707 458 1772 1877
479 1731 510 1792 p.
533 1707 575 1771 76
596 1727 669 1771 ann.
688 1706 723 1791 3,
759 1729 824 1792 quo
861 1706 1026 1772 interdum
1064 1729 1116 1793 ea,
1152 1729 1236 1793 quae
1277 1729 1338 1773 nos

166 1812 272 1878 forma
294 1813 474 1880 subiectiva
502 1812 726 1898 exprimimus,
756 1814 867 1879 Latini
896 1814 1055 1881 obiective
1092 1814 1339 1900 exprimebant?

171 1919 363 2006 uulso,
381 1922 435 1986 17:
462 1918 646 1986 aemma
672 1922 738 1985 ium
761 1922 858 2005 Alpes
884 1926 1093 2005 transpressus
1123 1921 1338 1998 meatuum,-

166 2027 227 2091 An.
240 2026 288 2092 IV
304 2028 339 2113 3,
356 2031 390 2093 l:
412 2033 543 2092 aeterum
557 2077 579 2093 ..
593 2033 713 2110 nepotes
742 2025 843 2094 adulti
871 2049 993 2094 moram
1015 2030 1125 2114 cupitis
1147 2030 1339 2110 adferebam:

163 2133 217 2199 his
249 2135 330 2200 locis
368 2155 488 2200 nomen
520 2134 658 2200 subiecti
690 2155 763 2200 cum
800 2135 973 2222 participio
1003 2137 1166 2202 coniuncti
1200 2137 1340 2202 vertitur

162 2240 356 2307 Germanice
378 2243 432 2306 der
455 2241 601 2308 Geduute
629 2261 690 2320 au;
721 2241 875 2307 similiter
897 2242 937 2307 H.
951 2241 984 2308 11
1003 2244 1058 2329 76,
1072 2243 1128 2309 2οε
1157 2265 1201 2307 au
1229 2243 1341 2308 excidit

162 2350 336 2414 matiam
359 2347 511 2414 Corbulo?
534 2381 568 2401 =
592 2350 641 2414 die
662 2349 866 2432 minaeum
892 2369 950 2414 aa:
978 2372 1018 2414 ex
1044 2350 1142 2416 huius
1171 2351 1234 2415 loci
1264 2371 1339 2415 ana-

162 2455 255 2543 logia
286 2455 443 2542 explices,
475 2477 610 2542 quaeso,
642 2456 749 2522 locum
780 2459 931 2521 nostrum
963 2453 1016 2541 (cf.
1035 2456 1135 2522 etiam
1159 2455 1210 2523 ur.
1230 2456 1338 2543 Helm,

161 2568 277 2647 quaest.
295 2569 375 2648 spat.
394 2588 424 2649 p.
439 2563 482 2628 48
503 2559 592 2649 seq.)
638 2562 763 2628 Halmii
792 2562 878 2628 enim
906 2583 1043 2649 zeugma
1070 2563 1235 2650 displicet,
1263 2566 1339 2650 qnia

162 2670 299 2737 verbum
324 2675 503 2758 superest
525 2675 620 2736 tanta
642 2671 675 2734 vi
697 2670 793 2735 initio
812 2670 916 2736 totius
938 2671 1064 2756 periodi
1086 2672 1196 2757 posita
1219 2676 1279 2757 ert,
1301 2676 1339 2737 ut

161 2778 265 2843 robur
287 2779 356 2843 eius
384 2800 450 2843 non
479 2779 544 2843 iam
574 2781 649 2842 ante
666 2766 718 2842 'et
748 2776 991 2865 relanguescat,
1023 2779 1081 2844 sed
1113 2779 1213 2844 latius
1246 2779 1340 2864 qnasi

163 2888 274 2950 totum
299 2885 552 2970 comprehendat
575 2885 788 2974 enuntiatum.

254 2993 284 3057 3.
307 2991 362 3056 Ex
385 2991 501 3058 verbo
524 2991 656 3077 posito
675 2996 883 3077 cognatum
902 2993 1054 3058 omnino
1073 2994 1231 3059 verbum
1250 3016 1338 3079 eup-

162 3100 304 3186 pletur.

108 3245 113 3252 ·
255 3205 334 3291 Agr.
349 3207 379 3291 3,
394 3206 505 3270 4-6:
534 3226 588 3270 uec
616 3225 699 3288 spem
728 3207 817 3271 audo
846 3227 883 3272 ae
911 3212 1014 3272 uotum
1035 3209 1183 3273 securitas
1203 3208 1339 3293 publica,

161 3315 218 3380 sed
239 3315 337 3397 ipsius
357 3315 419 3377 uoti
441 3313 588 3395 fiduciam
610 3313 761 3377 aeratae
782 3313 1003 3396 ademarum&
1031 3347 1065 3359 -
1094 3316 1148 3399 12,
1169 3315 1211 3380 23
1226 3337 1266 3380 s.:
1288 3336 1339 3398 eya

160 3421 290 3503 facilius
312 3421 493 3486 aeduam
515 3423 664 3484 maturam
686 3422 868 3503 marparitie
890 3422 988 3487 deesse
1010 3444 1104 3505 quam
1125 3423 1212 3487 uotis
1234 3424 1338 3488 aram·

164 3531 244 3593 tiam
272 3525 328 3615 (sc.
352 3524 524 3612 abessc):
553 3525 592 3592 cf.
616 3526 722 3612 Kritz,
745 3526 847 3613 Wex,
874 3528 1053 3594 Andreeen.
1077 3565 1118 3576 -
1143 3528 1184 3593 H.
1199 3527 1247 3593 IV
1265 3527 1338 3614 5,9

163 3658 245 3720 seq.:
268 3638 323 3718 qui
344 3635 411 3700 sola
433 3634 513 3699 barm
534 3653 613 3716 quae
634 3634 771 3720 mma,
793 3635 881 3700 mum
904 3641 1025 3701 tautum
1047 3657 1125 3718 quae
1148 3637 1266 3719 impia,
1283 3657 1339 3719 pe

164 3742 295 3807 teutimu
325 3741 514 3806 nobilitatem
543 3745 696 3824 ceteraque
723 3748 810 3807 aetra
838 3745 980 3807 auiumm
1008 3763 1103 3826 aeque
1131 3744 1217 3808 bouis
1245 3763 1340 3826 aeque

163 3849 258 3914 matis
287 3850 496 3914 adnumeraret
523 3847 564 3912 ad
594 3848 704 3933 priora
733 3850 880 3916 membra
914 3851 1085 3935 suppletur
1113 3854 1269 3936 putant,
1295 3887 1341 3896 -

164 3956 227 4022 An
244 3955 295 4023 ΙΙΙ
312 3957 366 4041 12,
381 3956 402 4020 6
417 3976 497 4041 eeq.:
536 3976 611 4020 uam
647 3959 676 4021 si
710 3957 825 4040 leyatm
853 3957 950 4038 officii
977 3959 1135 4041 mrmims,
1166 3958 1340 4041 obsequium

163 4085 238 4148 erpa
274 4065 488 4150 imperatorem
524 4064 625 4127 enuit:
662 4062 703 4126 ad
740 4063 930 4127 terminos
968 4065 1105 4150 quadrat
1142 4065 1214 4129 sola
1248 4063 1339 4129 notio

164 4169 419 4255 neglegendi3
444 4205 484 4216 -—
508 4166 625 4254 v124,
642 4169 696 4233 13:
726 4189 814 4252 quem
835 4170 878 4234 ad
898 4172 1023 4236 mortem
1044 4189 1165 4236 umum'
1182 4172 1341 4256 filimaque

163 4278 278 4359 fratris
299 4282 328 4341 et
355 4281 474 4360 nepotes
497 4273 673 4363 (necasset)
696 4278 878 4359 domuumue
899 4299 1018 4344 muuem
1047 4280 1187 4344 caedibus
1214 4279 1340 4362 emnpte·

164 4387 271 4460 aiacem
293 4403 328 4430 -ss
351 4383 417 4450 XII
434 4385 486 4469 22,
500 4384 535 4449 9:
559 4384 681 4449 addidit
695 4385 873 4467 peruiciosa
895 4386 931 4449 m
952 4406 1017 4450 rem
1033 4386 1192 4470 patticam
1210 4387 1340 4454 maulia

165 4488 397 4579 (prohibenda)
421 4497 450 4556 et
470 4493 629 4557 amusium
650 4490 755 4556 sceleri
777 4490 996 4557 detrahendam
1019 4515 1045 4558 e.
1060 4516 1090 4583 q.
1102 4517 1126 4562 s.
