<?xml version="1.0" encoding="UTF-8"?>
<!DOCTYPE html PUBLIC "-//W3C//DTD XHTML 1.0 Transitional//EN"
    "http://www.w3.org/TR/xhtml1/DTD/xhtml1-transitional.dtd">
<html xmlns="http://www.w3.org/1999/xhtml" xml:lang="en" lang="en">
 <head>
  <title>
</title>
<meta http-equiv="Content-Type" content="text/html;charset=utf-8" />
  <meta name='ocr-system' content='tesseract 3.04.00' />
  <meta name='ocr-capabilities' content='ocr_page ocr_carea ocr_par ocr_line ocrx_word'/>
</head>
<body>
  <div class='ocr_page' id='page_1' title='image "./debreviloquenti00clemgoog_0052.png"; bbox 0 0 3242 5284; ppageno 0'>
   <div class='ocr_carea' id='block_1_1' title="bbox 618 483 837 550">
    <p class='ocr_par' dir='ltr' id='par_1_1' title="bbox 618 483 837 550">
     <span class='ocr_line' id='line_1_1' title="bbox 618 483 837 550; baseline 0.014 -20"><span class='ocrx_word' id='word_1_1' title='bbox 618 483 837 550; x_wconf 83' lang='grc'><strong>...39-</strong></span> 
     </span>
    </p>
   </div>
   <div class='ocr_carea' id='block_1_2' title="bbox 130 631 1310 4599">
    <p class='ocr_par' dir='ltr' id='par_1_2' title="bbox 146 631 1310 948">
     <span class='ocr_line' id='line_1_2' title="bbox 147 631 1310 733; baseline 0.011 -31"><span class='ocrx_word' id='word_1_2' title='bbox 147 631 208 704; x_wconf 85' lang='grc' dir='ltr'><strong><em>ίιιιὸ</em></strong></span> <span class='ocrx_word' id='word_1_3' title='bbox 230 641 347 706; x_wconf 84' lang='grc' dir='ltr'><strong><em>κοινοῦ</em></strong></span> <span class='ocrx_word' id='word_1_4' title='bbox 370 637 433 726; x_wconf 80' lang='grc' dir='ltr'><strong>γὰρ</strong></span> <span class='ocrx_word' id='word_1_5' title='bbox 457 637 502 707; x_wconf 78' lang='grc' dir='ltr'><strong>ἐπ’</strong></span> <span class='ocrx_word' id='word_1_6' title='bbox 513 641 661 721; x_wconf 81' lang='grc' dir='ltr'><strong><em>ἐκείνους</em></strong></span> <span class='ocrx_word' id='word_1_7' title='bbox 683 641 744 729; x_wconf 68' lang='grc' dir='ltr'><strong>μὲν</strong></span> <span class='ocrx_word' id='word_1_8' title='bbox 766 643 805 712; x_wconf 86' lang='grc' dir='ltr'><strong>τὸ</strong></span> <span class='ocrx_word' id='word_1_9' title='bbox 829 641 1011 733; x_wconf 77' lang='grc' dir='ltr'><strong><em>,,ᾔτησεν“,</em></strong></span> <span class='ocrx_word' id='word_1_10' title='bbox 1041 645 1093 713; x_wconf 78' lang='grc' dir='ltr'><strong>ἐπὶ</strong></span> <span class='ocrx_word' id='word_1_11' title='bbox 1121 645 1244 715; x_wconf 82' lang='grc' dir='ltr'><strong><em>τούτου</em></strong></span> <span class='ocrx_word' id='word_1_12' title='bbox 1272 647 1310 715; x_wconf 75' lang='grc' dir='ltr'><strong>δὲ</strong></span> 
     </span>
     <span class='ocr_line' id='line_1_3' title="bbox 146 739 1310 842; baseline 0.011 -34"><span class='ocrx_word' id='word_1_13' title='bbox 146 739 182 808; x_wconf 87' lang='grc' dir='ltr'><strong>τὸ</strong></span> <span class='ocrx_word' id='word_1_14' title='bbox 200 745 408 832; x_wconf 50' lang='lat' dir='ltr'><strong>,elcesaeos</strong></span> <span class='ocrx_word' id='word_1_15' title='bbox 424 785 464 797; x_wconf 95' lang='lat'>—</span> <span class='ocrx_word' id='word_1_16' title='bbox 481 749 653 816; x_wconf 84' lang='lat' dir='ltr'><strong>Praeterea</strong></span> <span class='ocrx_word' id='word_1_17' title='bbox 670 752 734 817; x_wconf 88' lang='lat' dir='ltr'><strong>huo</strong></span> <span class='ocrx_word' id='word_1_18' title='bbox 752 754 895 838; x_wconf 87' lang='lat' dir='ltr'><strong>pertinet</strong></span> <span class='ocrx_word' id='word_1_19' title='bbox 912 753 1137 821; x_wconf 83' lang='lat' dir='ltr'><strong>Herodiani</strong></span> <span class='ocrx_word' id='word_1_20' title='bbox 1155 756 1310 842; x_wconf 87' lang='lat' dir='ltr'><strong>definitio,</strong></span> 
     </span>
     <span class='ocr_line' id='line_1_4' title="bbox 146 853 1220 948; baseline 0.011 -32"><span class='ocrx_word' id='word_1_21' title='bbox 146 873 224 935; x_wconf 86' lang='lat' dir='ltr'><strong>quae</strong></span> <span class='ocrx_word' id='word_1_22' title='bbox 248 853 369 940; x_wconf 88' lang='lat' dir='ltr'><strong>legitur</strong></span> <span class='ocrx_word' id='word_1_23' title='bbox 392 878 441 939; x_wconf 86' lang='lat' dir='ltr'><strong>ap.</strong></span> <span class='ocrx_word' id='word_1_24' title='bbox 459 854 563 922; x_wconf 84' lang='lat' dir='ltr'><strong>Wala.</strong></span> <span class='ocrx_word' id='word_1_25' title='bbox 581 856 660 922; x_wconf 89' lang='lat' dir='ltr'>VIII</span> <span class='ocrx_word' id='word_1_26' title='bbox 676 883 706 945; x_wconf 89' lang='lat' dir='ltr'><strong>p.</strong></span> <span class='ocrx_word' id='word_1_27' title='bbox 721 859 796 944; x_wconf 86' lang='lat'><strong>594,</strong></span> <span class='ocrx_word' id='word_1_28' title='bbox 819 858 970 946; x_wconf 83' lang='lat' dir='ltr'>Spengel.</span> <span class='ocrx_word' id='word_1_29' title='bbox 986 861 1036 928; x_wconf 92' lang='lat' dir='ltr'><strong>Ill</strong></span> <span class='ocrx_word' id='word_1_30' title='bbox 1051 885 1081 946; x_wconf 92' lang='lat' dir='ltr'><strong>p.</strong></span> <span class='ocrx_word' id='word_1_31' title='bbox 1096 862 1148 948; x_wconf 85' lang='lat'><strong>94,</strong></span> <span class='ocrx_word' id='word_1_32' title='bbox 1164 863 1220 928; x_wconf 80' lang='lat' dir='ltr'>l&#39;l:</span> 
     </span>
    </p>

    <p class='ocr_par' dir='ltr' id='par_1_3' title="bbox 137 956 1309 2654">
     <span class='ocr_line' id='line_1_5' title="bbox 232 956 1309 1056; baseline 0.008 -31"><span class='ocrx_word' id='word_1_33' title='bbox 232 956 294 1026; x_wconf 76' lang='grc' dir='ltr'><strong>ἀπὸ</strong></span> <span class='ocrx_word' id='word_1_34' title='bbox 308 963 426 1027; x_wconf 81' lang='grc' dir='ltr'><strong><em>κοινοῦ</em></strong></span> <span class='ocrx_word' id='word_1_35' title='bbox 442 961 504 1046; x_wconf 82' lang='grc' dir='ltr'><strong>μέν</strong></span> <span class='ocrx_word' id='word_1_36' title='bbox 519 963 587 1028; x_wconf 81' lang='grc' dir='ltr'><strong><em>ἐστι</em></strong></span> <span class='ocrx_word' id='word_1_37' title='bbox 601 960 712 1047; x_wconf 78' lang='grc' dir='ltr'><strong><em>λόγων</em></strong></span> <span class='ocrx_word' id='word_1_38' title='bbox 727 965 881 1051; x_wconf 76' lang='grc' dir='ltr'><strong><em>συνέχεια</em></strong></span> <span class='ocrx_word' id='word_1_39' title='bbox 896 968 932 1033; x_wconf 82' lang='grc' dir='ltr'><strong>ἐν</strong></span> <span class='ocrx_word' id='word_1_40' title='bbox 949 969 1084 1056; x_wconf 79' lang='grc' dir='ltr'><strong><em>διανοίᾳ</em></strong></span> <span class='ocrx_word' id='word_1_41' title='bbox 1097 971 1309 1035; x_wconf 85' lang='grc' dir='ltr'><strong><em>κοινωνοῦσα</em></strong></span> 
     </span>
     <span class='ocr_line' id='line_1_6' title="bbox 144 1059 1309 1162; baseline 0.011 -32"><span class='ocrx_word' id='word_1_42' title='bbox 144 1059 187 1142; x_wconf 77' lang='grc' dir='ltr'><strong>ὡς</strong></span> <span class='ocrx_word' id='word_1_43' title='bbox 209 1065 261 1132; x_wconf 78' lang='grc' dir='ltr'><strong>ἐπὶ</strong></span> <span class='ocrx_word' id='word_1_44' title='bbox 282 1063 320 1134; x_wconf 88' lang='grc' dir='ltr'><strong>τὸ</strong></span> <span class='ocrx_word' id='word_1_45' title='bbox 343 1073 499 1135; x_wconf 78' lang='grc' dir='ltr'><strong><em>πλεῖστον</em></strong></span> <span class='ocrx_word' id='word_1_46' title='bbox 524 1066 599 1148; x_wconf 84' lang='grc' dir='ltr'><strong><em>ἑνὸς</em></strong></span> <span class='ocrx_word' id='word_1_47' title='bbox 622 1068 768 1157; x_wconf 78' lang='grc' dir='ltr'><strong><em>ῥήματος</em></strong></span> <span class='ocrx_word' id='word_1_48' title='bbox 793 1077 840 1150; x_wconf 83' lang='grc' dir='ltr'><strong>είς</strong></span> <span class='ocrx_word' id='word_1_49' title='bbox 864 1073 1076 1154; x_wconf 74' lang='grc' dir='ltr'><strong><em>συντέλειαν,</em></strong></span> <span class='ocrx_word' id='word_1_50' title='bbox 1101 1067 1174 1141; x_wconf 87' lang='grc' dir='ltr'><strong><em>οἷον</em></strong></span> <span class='ocrx_word' id='word_1_51' title='bbox 1189 1081 1223 1142; x_wconf 90' lang='lat' dir='ltr'><strong>et</strong></span> <span class='ocrx_word' id='word_1_52' title='bbox 1236 1100 1267 1162; x_wconf 95' lang='lat' dir='ltr'><strong>q.</strong></span> <span class='ocrx_word' id='word_1_53' title='bbox 1283 1099 1309 1143; x_wconf 88' lang='lat' dir='ltr'><strong>s.</strong></span> 
     </span>
     <span class='ocr_line' id='line_1_7' title="bbox 143 1170 1308 1265; baseline 0.011 -29"><span class='ocrx_word' id='word_1_54' title='bbox 143 1170 303 1258; x_wconf 80' lang='lat' dir='ltr'><strong>(sequitur</strong></span> <span class='ocrx_word' id='word_1_55' title='bbox 325 1179 521 1263; x_wconf 85' lang='lat' dir='ltr'><strong>exemplum,</strong></span> <span class='ocrx_word' id='word_1_56' title='bbox 545 1178 630 1263; x_wconf 86' lang='lat' dir='ltr'><strong>quod</strong></span> <span class='ocrx_word' id='word_1_57' title='bbox 659 1179 755 1245; x_wconf 92' lang='lat' dir='ltr'><strong>modo</strong></span> <span class='ocrx_word' id='word_1_58' title='bbox 784 1181 869 1265; x_wconf 86' lang='lat' dir='ltr'><strong>apud</strong></span> <span class='ocrx_word' id='word_1_59' title='bbox 893 1179 1308 1249; x_wconf 79' lang='lat' dir='ltr'><strong>Pseudo-Choeroboscum</strong></span> 
     </span>
     <span class='ocr_line' id='line_1_8' title="bbox 143 1279 1306 1374; baseline 0.009 -30"><span class='ocrx_word' id='word_1_60' title='bbox 143 1279 345 1370; x_wconf 82' lang='lat' dir='ltr'><strong>invenimus).</strong></span> <span class='ocrx_word' id='word_1_61' title='bbox 382 1283 494 1349; x_wconf 84' lang='lat' dir='ltr'><strong>Trium</strong></span> <span class='ocrx_word' id='word_1_62' title='bbox 516 1285 633 1350; x_wconf 87' lang='lat' dir='ltr'><strong>harum</strong></span> <span class='ocrx_word' id='word_1_63' title='bbox 656 1287 881 1353; x_wconf 88' lang='lat' dir='ltr'><strong>definitionum</strong></span> <span class='ocrx_word' id='word_1_64' title='bbox 904 1289 1070 1374; x_wconf 91' lang='lat' dir='ltr'><strong>proprium</strong></span> <span class='ocrx_word' id='word_1_65' title='bbox 1096 1294 1154 1374; x_wconf 87' lang='lat' dir='ltr'><strong>est,</strong></span> <span class='ocrx_word' id='word_1_66' title='bbox 1177 1295 1215 1354; x_wconf 88' lang='lat' dir='ltr'><strong>ut</strong></span> <span class='ocrx_word' id='word_1_67' title='bbox 1237 1312 1306 1354; x_wconf 83' lang='lat' dir='ltr'><strong>ver·</strong></span> 
     </span>
     <span class='ocr_line' id='line_1_9' title="bbox 143 1387 1308 1480; baseline 0.009 -30"><span class='ocrx_word' id='word_1_68' title='bbox 143 1387 216 1451; x_wconf 87' lang='lat' dir='ltr'><strong>bum</strong></span> <span class='ocrx_word' id='word_1_69' title='bbox 239 1389 282 1452; x_wconf 91' lang='lat' dir='ltr'><strong>ad</strong></span> <span class='ocrx_word' id='word_1_70' title='bbox 305 1413 405 1455; x_wconf 90' lang='lat' dir='ltr'><strong>unum</strong></span> <span class='ocrx_word' id='word_1_71' title='bbox 428 1392 589 1457; x_wconf 87' lang='lat' dir='ltr'><strong>enuntiati</strong></span> <span class='ocrx_word' id='word_1_72' title='bbox 611 1394 792 1460; x_wconf 81' lang='lat' dir='ltr'><strong>membrum</strong></span> <span class='ocrx_word' id='word_1_73' title='bbox 816 1396 959 1480; x_wconf 90' lang='lat' dir='ltr'><strong>positum</strong></span> <span class='ocrx_word' id='word_1_74' title='bbox 983 1395 1025 1459; x_wconf 86' lang='lat' dir='ltr'><strong>ad</strong></span> <span class='ocrx_word' id='word_1_75' title='bbox 1048 1400 1153 1460; x_wconf 86' lang='lat' dir='ltr'><strong>cetera</strong></span> <span class='ocrx_word' id='word_1_76' title='bbox 1175 1417 1308 1480; x_wconf 87' lang='lat' dir='ltr'><strong>prorsus</strong></span> 
     </span>
     <span class='ocr_line' id='line_1_10' title="bbox 144 1494 1307 1587; baseline 0.008 -30"><span class='ocrx_word' id='word_1_77' title='bbox 144 1494 251 1560; x_wconf 87' lang='lat' dir='ltr'><strong>eadem</strong></span> <span class='ocrx_word' id='word_1_78' title='bbox 284 1501 316 1560; x_wconf 87' lang='lat' dir='ltr'><strong>et</strong></span> <span class='ocrx_word' id='word_1_79' title='bbox 346 1498 583 1584; x_wconf 82' lang='lat' dir='ltr'><strong>significatione</strong></span> <span class='ocrx_word' id='word_1_80' title='bbox 619 1505 652 1566; x_wconf 92' lang='lat' dir='ltr'><strong>et</strong></span> <span class='ocrx_word' id='word_1_81' title='bbox 687 1500 793 1566; x_wconf 86' lang='lat' dir='ltr'><strong>forma</strong></span> <span class='ocrx_word' id='word_1_82' title='bbox 828 1501 972 1587; x_wconf 90' lang='lat' dir='ltr'><strong>suppleri</strong></span> <span class='ocrx_word' id='word_1_83' title='bbox 1003 1502 1146 1568; x_wconf 88' lang='lat' dir='ltr'><strong>iubeant.</strong></span> <span class='ocrx_word' id='word_1_84' title='bbox 1192 1501 1307 1567; x_wconf 80' lang='lat' dir='ltr'>Paullo</span> 
     </span>
     <span class='ocr_line' id='line_1_11' title="bbox 144 1601 1307 1695; baseline 0.008 -30"><span class='ocrx_word' id='word_1_85' title='bbox 144 1601 232 1667; x_wconf 88' lang='lat' dir='ltr'><strong>aliter</strong></span> <span class='ocrx_word' id='word_1_86' title='bbox 245 1625 317 1668; x_wconf 88' lang='lat' dir='ltr'><strong>rem</strong></span> <span class='ocrx_word' id='word_1_87' title='bbox 332 1604 394 1670; x_wconf 89' lang='lat' dir='ltr'><strong>sibi</strong></span> <span class='ocrx_word' id='word_1_88' title='bbox 413 1605 507 1671; x_wconf 87' lang='lat' dir='ltr'><strong>finxit</strong></span> <span class='ocrx_word' id='word_1_89' title='bbox 520 1605 725 1693; x_wconf 77' lang='lat' dir='ltr'><strong>Tiberius,</strong></span> <span class='ocrx_word' id='word_1_90' title='bbox 741 1608 806 1694; x_wconf 88' lang='lat' dir='ltr'><strong>qui,</strong></span> <span class='ocrx_word' id='word_1_91' title='bbox 824 1610 888 1674; x_wconf 87' lang='lat' dir='ltr'><strong>etsi</strong></span> <span class='ocrx_word' id='word_1_92' title='bbox 906 1609 1071 1695; x_wconf 90' lang='lat' dir='ltr'><strong>propriam</strong></span> <span class='ocrx_word' id='word_1_93' title='bbox 1086 1609 1307 1674; x_wconf 88' lang='lat' dir='ltr'><strong>definitionem</strong></span> 
     </span>
     <span class='ocr_line' id='line_1_12' title="bbox 145 1712 1308 1800; baseline 0.008 -28"><span class='ocrx_word' id='word_1_94' title='bbox 145 1729 204 1773; x_wconf 88' lang='lat' dir='ltr'><strong>non</strong></span> <span class='ocrx_word' id='word_1_95' title='bbox 225 1712 413 1798; x_wconf 72' lang='lat' dir='ltr'><strong>proposuit,</strong></span> <span class='ocrx_word' id='word_1_96' title='bbox 431 1717 541 1779; x_wconf 88' lang='lat' dir='ltr'><strong>tamen</strong></span> <span class='ocrx_word' id='word_1_97' title='bbox 560 1714 707 1800; x_wconf 84' lang='lat' dir='ltr'><strong>exemplo</strong></span> <span class='ocrx_word' id='word_1_98' title='bbox 731 1715 817 1800; x_wconf 91' lang='lat' dir='ltr'><strong>quod</strong></span> <span class='ocrx_word' id='word_1_99' title='bbox 836 1716 949 1781; x_wconf 86' lang='lat' dir='ltr'><strong>attulit</strong></span> <span class='ocrx_word' id='word_1_100' title='bbox 972 1716 1124 1781; x_wconf 75' lang='lat' dir='ltr'><strong>certiores</strong></span> <span class='ocrx_word' id='word_1_101' title='bbox 1147 1737 1206 1782; x_wconf 88' lang='lat' dir='ltr'><strong>nos</strong></span> <span class='ocrx_word' id='word_1_102' title='bbox 1230 1715 1308 1781; x_wconf 82' lang='lat' dir='ltr'><strong>fecit</strong></span> 
     </span>
     <span class='ocr_line' id='line_1_13' title="bbox 149 1817 1307 1906; baseline 0.006 -27"><span class='ocrx_word' id='word_1_103' title='bbox 149 1817 346 1883; x_wconf 62' lang='lat' dir='ltr'><strong>crebribus</strong></span> <span class='ocrx_word' id='word_1_104' title='bbox 369 1819 469 1886; x_wconf 87' lang='lat' dir='ltr'><strong>etiam</strong></span> <span class='ocrx_word' id='word_1_105' title='bbox 500 1821 540 1886; x_wconf 88' lang='lat' dir='ltr'><strong>ad</strong></span> <span class='ocrx_word' id='word_1_106' title='bbox 571 1822 709 1906; x_wconf 85' lang='lat' dir='ltr'><strong>figuram</strong></span> <span class='ocrx_word' id='word_1_107' title='bbox 733 1817 798 1888; x_wconf 77' lang='grc' dir='ltr'><strong>ἀπὸ</strong></span> <span class='ocrx_word' id='word_1_108' title='bbox 822 1824 940 1889; x_wconf 82' lang='grc' dir='ltr'><strong><em>κοινοῦ</em></strong></span> <span class='ocrx_word' id='word_1_109' title='bbox 970 1823 1107 1888; x_wconf 88' lang='lat' dir='ltr'><strong>relatam</strong></span> <span class='ocrx_word' id='word_1_110' title='bbox 1136 1845 1206 1888; x_wconf 87' lang='lat' dir='ltr'><strong>csse</strong></span> <span class='ocrx_word' id='word_1_111' title='bbox 1236 1843 1307 1887; x_wconf 85' lang='lat' dir='ltr'><strong>eam</strong></span> 
     </span>
     <span class='ocr_line' id='line_1_14' title="bbox 148 1920 1307 2016; baseline 0.008 -31"><span class='ocrx_word' id='word_1_112' title='bbox 148 1920 261 1989; x_wconf 90' lang='lat' dir='ltr'><strong>dicendi</strong></span> <span class='ocrx_word' id='word_1_113' title='bbox 275 1925 424 2014; x_wconf 87' lang='lat' dir='ltr'><strong>formam,</strong></span> <span class='ocrx_word' id='word_1_114' title='bbox 437 1951 501 2013; x_wconf 90' lang='lat' dir='ltr'><strong>qua</strong></span> <span class='ocrx_word' id='word_1_115' title='bbox 515 1951 553 1994; x_wconf 85' lang='lat' dir='ltr'><strong>ex</strong></span> <span class='ocrx_word' id='word_1_116' title='bbox 565 1930 664 1995; x_wconf 81' lang='lat' dir='ltr'><strong>verbo</strong></span> <span class='ocrx_word' id='word_1_117' title='bbox 680 1929 721 1994; x_wconf 89' lang='lat' dir='ltr'><strong>ad</strong></span> <span class='ocrx_word' id='word_1_118' title='bbox 735 1953 834 1995; x_wconf 88' lang='lat' dir='ltr'><strong>unum</strong></span> <span class='ocrx_word' id='word_1_119' title='bbox 849 1931 1053 1996; x_wconf 87' lang='lat' dir='ltr'><strong>enuntiatum</strong></span> <span class='ocrx_word' id='word_1_120' title='bbox 1064 1930 1207 2016; x_wconf 89' lang='lat' dir='ltr'><strong>positum</strong></span> <span class='ocrx_word' id='word_1_121' title='bbox 1221 1929 1307 1994; x_wconf 86' lang='lat' dir='ltr'><strong>idem</strong></span> 
     </span>
     <span class='ocr_line' id='line_1_15' title="bbox 144 2031 1306 2122; baseline 0.006 -29"><span class='ocrx_word' id='word_1_122' title='bbox 144 2031 272 2096; x_wconf 85' lang='lat' dir='ltr'><strong>verbum</strong></span> <span class='ocrx_word' id='word_1_123' title='bbox 295 2034 381 2117; x_wconf 86' lang='lat' dir='ltr'><strong>pari</strong></span> <span class='ocrx_word' id='word_1_124' title='bbox 404 2035 712 2122; x_wconf 73' lang='lat' dir='ltr'><strong>significatione,</strong></span> <span class='ocrx_word' id='word_1_125' title='bbox 742 2035 798 2102; x_wconf 89' lang='lat' dir='ltr'><strong>sed</strong></span> <span class='ocrx_word' id='word_1_126' title='bbox 828 2037 953 2104; x_wconf 88' lang='lat' dir='ltr'><strong>forma</strong></span> <span class='ocrx_word' id='word_1_127' title='bbox 980 2041 1131 2103; x_wconf 85' lang='lat' dir='ltr'><strong>mutata</strong></span> <span class='ocrx_word' id='word_1_128' title='bbox 1154 2037 1194 2102; x_wconf 87' lang='lat' dir='ltr'><strong>ad</strong></span> <span class='ocrx_word' id='word_1_129' title='bbox 1218 2036 1306 2101; x_wconf 86' lang='lat' dir='ltr'><strong>aliud</strong></span> 
     </span>
     <span class='ocr_line' id='line_1_16' title="bbox 141 2139 1307 2230; baseline 0.006 -29"><span class='ocrx_word' id='word_1_130' title='bbox 141 2139 316 2223; x_wconf 75' lang='lat' dir='ltr'><strong>suppletur.</strong></span> <span class='ocrx_word' id='word_1_131' title='bbox 359 2141 462 2208; x_wconf 88' lang='lat' dir='ltr'><strong>Docet</strong></span> <span class='ocrx_word' id='word_1_132' title='bbox 488 2165 538 2228; x_wconf 87' lang='lat' dir='ltr'><strong>ap.</strong></span> <span class='ocrx_word' id='word_1_133' title='bbox 552 2143 654 2208; x_wconf 86' lang='lat' dir='ltr'><strong>Walz.</strong></span> <span class='ocrx_word' id='word_1_134' title='bbox 666 2143 747 2210; x_wconf 87' lang='lat' dir='ltr'>VIII</span> <span class='ocrx_word' id='word_1_135' title='bbox 770 2168 800 2229; x_wconf 93' lang='lat' dir='ltr'><strong>p.</strong></span> <span class='ocrx_word' id='word_1_136' title='bbox 808 2143 882 2229; x_wconf 85' lang='lat'><strong>566,</strong></span> <span class='ocrx_word' id='word_1_137' title='bbox 902 2143 1052 2229; x_wconf 85' lang='lat' dir='ltr'><strong>Spengel.</strong></span> <span class='ocrx_word' id='word_1_138' title='bbox 1066 2144 1117 2210; x_wconf 92' lang='lat' dir='ltr'><strong>III</strong></span> <span class='ocrx_word' id='word_1_139' title='bbox 1130 2168 1161 2230; x_wconf 89' lang='lat' dir='ltr'><strong>p.</strong></span> <span class='ocrx_word' id='word_1_140' title='bbox 1177 2145 1228 2227; x_wconf 85' lang='grc'><strong>76,</strong></span> <span class='ocrx_word' id='word_1_141' title='bbox 1250 2143 1307 2208; x_wconf 80' lang='lat'><strong>25:</strong></span> 
     </span>
     <span class='ocr_line' id='line_1_17' title="bbox 140 2239 1306 2340; baseline 0.003 -31"><span class='ocrx_word' id='word_1_142' title='bbox 140 2239 173 2309; x_wconf 84' lang='grc' dir='ltr'><strong>τὸ</strong></span> <span class='ocrx_word' id='word_1_143' title='bbox 196 2243 232 2311; x_wconf 76' lang='grc' dir='ltr'><strong>δὲ</strong></span> <span class='ocrx_word' id='word_1_144' title='bbox 257 2241 324 2312; x_wconf 88' lang='grc' dir='ltr'><strong>ἆκὸ</strong></span> <span class='ocrx_word' id='word_1_145' title='bbox 344 2250 462 2314; x_wconf 82' lang='grc' dir='ltr'><strong><em>κοινοῦ</em></strong></span> <span class='ocrx_word' id='word_1_146' title='bbox 478 2243 597 2326; x_wconf 82' lang='grc' dir='ltr'><strong><em>οὕτως·</em></strong></span> <span class='ocrx_word' id='word_1_147' title='bbox 621 2301 638 2336; x_wconf 95' lang='lat'><strong>„</strong></span> <span class='ocrx_word' id='word_1_148' title='bbox 646 2248 700 2315; x_wconf 83' lang='grc' dir='ltr'><strong>καὶ</strong></span> <span class='ocrx_word' id='word_1_149' title='bbox 718 2252 763 2340; x_wconf 77' lang='grc' dir='ltr'><strong>τῷ</strong></span> <span class='ocrx_word' id='word_1_150' title='bbox 783 2247 845 2335; x_wconf 68' lang='grc' dir='ltr'><strong>μὲν</strong></span> <span class='ocrx_word' id='word_1_151' title='bbox 859 2245 996 2339; x_wconf 81' lang='grc' dir='ltr'><strong><em>Εὐβοίῳ</em></strong></span> <span class='ocrx_word' id='word_1_152' title='bbox 1014 2251 1061 2340; x_wconf 78' lang='grc' dir='ltr'><strong>τῷ</strong></span> <span class='ocrx_word' id='word_1_153' title='bbox 1079 2245 1139 2316; x_wconf 89' lang='grc' dir='ltr'><strong>τὸν</strong></span> <span class='ocrx_word' id='word_1_154' title='bbox 1155 2245 1306 2314; x_wconf 86' lang='grc' dir='ltr'><strong><em>Βοιωτὸν</em></strong></span> 
     </span>
     <span class='ocr_line' id='line_1_18' title="bbox 138 2347 1306 2442; baseline 0.003 -26"><span class='ocrx_word' id='word_1_155' title='bbox 138 2347 368 2420; x_wconf 79' lang='grc' dir='ltr'><strong><em>ἀποκτείναντι</em></strong></span> <span class='ocrx_word' id='word_1_156' title='bbox 391 2352 519 2441; x_wconf 77' lang='grc' dir='ltr'><strong><em>πολλὴν</em></strong></span> <span class='ocrx_word' id='word_1_157' title='bbox 538 2354 740 2442; x_wconf 80' lang='grc' dir='ltr'><strong><em>συγγνώμην</em></strong></span> <span class='ocrx_word' id='word_1_158' title='bbox 765 2361 843 2441; x_wconf 81' lang='grc' dir='ltr'><em>ἔχω·</em></span> <span class='ocrx_word' id='word_1_159' title='bbox 872 2354 1011 2422; x_wconf 80' lang='grc' dir='ltr'><strong><em>δοκοῦσι</em></strong></span> <span class='ocrx_word' id='word_1_160' title='bbox 1031 2355 1071 2422; x_wconf 76' lang='grc' dir='ltr'><strong>δέ</strong></span> <span class='ocrx_word' id='word_1_161' title='bbox 1087 2380 1143 2441; x_wconf 87' lang='grc' dir='ltr'><strong>μοι</strong></span> <span class='ocrx_word' id='word_1_162' title='bbox 1164 2354 1306 2422; x_wconf 79' lang='grc' dir='ltr'><strong><em>καὶτῶν</em></strong></span> 
     </span>
     <span class='ocr_line' id='line_1_19' title="bbox 139 2457 1305 2550; baseline 0.003 -27"><span class='ocrx_word' id='word_1_163' title='bbox 139 2457 348 2526; x_wconf 74' lang='grc' dir='ltr'><strong><em>δικασάντων</em></strong></span> <span class='ocrx_word' id='word_1_164' title='bbox 379 2460 453 2529; x_wconf 89' lang='grc' dir='ltr'><strong><em>τότε</em></strong></span> <span class='ocrx_word' id='word_1_165' title='bbox 483 2462 634 2530; x_wconf 77' lang='grc' dir='ltr'><strong><em>κοίίοί“.</em></strong></span> <span class='ocrx_word' id='word_1_166' title='bbox 680 2461 744 2531; x_wconf 82' lang='grc' dir='ltr'><strong>ἀπὸ</strong></span> <span class='ocrx_word' id='word_1_167' title='bbox 774 2466 893 2530; x_wconf 82' lang='grc' dir='ltr'><strong><em>κοινοῦ</em></strong></span> <span class='ocrx_word' id='word_1_168' title='bbox 922 2459 1153 2550; x_wconf 82' lang='grc' dir='ltr'><strong><em>,,συγγνω’μην</em></strong></span> <span class='ocrx_word' id='word_1_169' title='bbox 1184 2460 1305 2548; x_wconf 44' lang='grc' dir='ltr'><strong><em>ἕχεινιι.</em></strong></span> 
     </span>
     <span class='ocr_line' id='line_1_20' title="bbox 137 2562 462 2654; baseline 0.015 -22"><span class='ocrx_word' id='word_1_170' title='bbox 137 2562 261 2646; x_wconf 73' lang='grc' dir='ltr'><strong><em>εὐειδὲς</em></strong></span> <span class='ocrx_word' id='word_1_171' title='bbox 283 2564 321 2635; x_wconf 90' lang='grc' dir='ltr'><strong>τὸ</strong></span> <span class='ocrx_word' id='word_1_172' title='bbox 345 2571 462 2654; x_wconf 77' lang='grc' dir='ltr'><strong><em>σχῆμα.</em></strong></span> 
     </span>
    </p>

    <p class='ocr_par' dir='ltr' id='par_1_4' title="bbox 130 2665 1307 4599">
     <span class='ocr_line' id='line_1_21' title="bbox 220 2665 1305 2766; baseline -0.001 -24"><span class='ocrx_word' id='word_1_173' title='bbox 220 2676 316 2743; x_wconf 88' lang='lat' dir='ltr'><strong>Haec</strong></span> <span class='ocrx_word' id='word_1_174' title='bbox 337 2677 446 2743; x_wconf 89' lang='lat' dir='ltr'><strong>inveni</strong></span> <span class='ocrx_word' id='word_1_175' title='bbox 469 2679 509 2744; x_wconf 86' lang='lat' dir='ltr'><strong>de</strong></span> <span class='ocrx_word' id='word_1_176' title='bbox 537 2665 672 2764; x_wconf 80' lang='lat' dir='ltr'><strong>figora</strong></span> <span class='ocrx_word' id='word_1_177' title='bbox 693 2675 758 2746; x_wconf 77' lang='grc' dir='ltr'><strong>ἀπὸ</strong></span> <span class='ocrx_word' id='word_1_178' title='bbox 781 2681 900 2745; x_wconf 86' lang='grc' dir='ltr'><strong><em>κοινοῦ</em></strong></span> <span class='ocrx_word' id='word_1_179' title='bbox 929 2680 1013 2766; x_wconf 87' lang='lat' dir='ltr'><strong>apud</strong></span> <span class='ocrx_word' id='word_1_180' title='bbox 1043 2683 1177 2745; x_wconf 85' lang='lat' dir='ltr'><strong>veteres.</strong></span> <span class='ocrx_word' id='word_1_181' title='bbox 1216 2677 1305 2754; x_wconf 79' lang='lat' dir='ltr'><strong>Quae</strong></span> 
     </span>
     <span class='ocr_line' id='line_1_22' title="bbox 136 2782 1305 2873; baseline 0.002 -27"><span class='ocrx_word' id='word_1_182' title='bbox 136 2782 173 2847; x_wconf 86' lang='lat' dir='ltr'><strong>de</strong></span> <span class='ocrx_word' id='word_1_183' title='bbox 208 2789 417 2869; x_wconf 83' lang='lat' dir='ltr'><strong>neugmate</strong></span> <span class='ocrx_word' id='word_1_184' title='bbox 454 2785 684 2871; x_wconf 87' lang='lat' dir='ltr'><strong>quaesiverunt</strong></span> <span class='ocrx_word' id='word_1_185' title='bbox 723 2788 805 2852; x_wconf 87' lang='lat' dir='ltr'><strong>bene</strong></span> <span class='ocrx_word' id='word_1_186' title='bbox 848 2788 1049 2873; x_wconf 89' lang='lat' dir='ltr'><strong>collegerunt</strong></span> <span class='ocrx_word' id='word_1_187' title='bbox 1078 2785 1305 2852; x_wconf 80' lang='lat' dir='ltr'><strong>Volkmann</strong></span> 
     </span>
     <span class='ocr_line' id='line_1_23' title="bbox 135 2892 1307 2980; baseline -0.001 -24"><span class='ocrx_word' id='word_1_188' title='bbox 135 2913 164 2974; x_wconf 91' lang='lat' dir='ltr'><strong>p.</strong></span> <span class='ocrx_word' id='word_1_189' title='bbox 177 2892 244 2958; x_wconf 84' lang='lat'><strong>405</strong></span> <span class='ocrx_word' id='word_1_190' title='bbox 261 2914 286 2956; x_wconf 89' lang='lat' dir='ltr'><strong>s.</strong></span> <span class='ocrx_word' id='word_1_191' title='bbox 303 2896 336 2957; x_wconf 93' lang='lat' dir='ltr'><strong>et</strong></span> <span class='ocrx_word' id='word_1_192' title='bbox 360 2892 520 2958; x_wconf 83' lang='lat' dir='ltr'><strong>Daialas</strong></span> <span class='ocrx_word' id='word_1_193' title='bbox 543 2893 577 2958; x_wconf 90' lang='lat' dir='ltr'><strong>in</strong></span> <span class='ocrx_word' id='word_1_194' title='bbox 601 2898 844 2980; x_wconf 78' lang='lat' dir='ltr'><strong>programmate</strong></span> <span class='ocrx_word' id='word_1_195' title='bbox 870 2895 1026 2958; x_wconf 77' lang='grc' dir='ltr'><strong><em>νίιοίοννικ</em></strong></span> <span class='ocrx_word' id='word_1_196' title='bbox 1048 2894 1248 2974; x_wconf 79' lang='lat' dir='ltr'><strong>antiquorum</strong></span> <span class='ocrx_word' id='word_1_197' title='bbox 1270 2893 1307 2956; x_wconf 84' lang='lat' dir='ltr'><strong>de</strong></span> 
     </span>
     <span class='ocr_line' id='line_1_24' title="bbox 134 2998 1304 3086; baseline 0 -22"><span class='ocrx_word' id='word_1_198' title='bbox 134 3000 243 3082; x_wconf 69' lang='grc' dir='ltr'><strong><em>ίρνκίε</em></strong></span> <span class='ocrx_word' id='word_1_199' title='bbox 269 2999 418 3066; x_wconf 77' lang='lat' dir='ltr'><strong>doctrina.</strong></span> <span class='ocrx_word' id='word_1_200' title='bbox 454 3000 571 3066; x_wconf 87' lang='lat' dir='ltr'><strong>Restat</strong></span> <span class='ocrx_word' id='word_1_201' title='bbox 596 3003 633 3066; x_wconf 89' lang='lat' dir='ltr'><strong>ut</strong></span> <span class='ocrx_word' id='word_1_202' title='bbox 659 3001 874 3067; x_wconf 82' lang='lat' dir='ltr'><strong>recentiorum</strong></span> <span class='ocrx_word' id='word_1_203' title='bbox 898 3004 1071 3086; x_wconf 84' lang='lat' dir='ltr'><strong>praecepta</strong></span> <span class='ocrx_word' id='word_1_204' title='bbox 1097 2999 1135 3065; x_wconf 91' lang='lat' dir='ltr'><strong>de</strong></span> <span class='ocrx_word' id='word_1_205' title='bbox 1149 2999 1212 3064; x_wconf 85' lang='lat' dir='ltr'><strong>hac</strong></span> <span class='ocrx_word' id='word_1_206' title='bbox 1233 2998 1304 3064; x_wconf 88' lang='lat' dir='ltr'><strong>bre-</strong></span> 
     </span>
     <span class='ocr_line' id='line_1_25' title="bbox 134 3106 1305 3194; baseline 0 -24"><span class='ocrx_word' id='word_1_207' title='bbox 134 3106 354 3193; x_wconf 81' lang='lat' dir='ltr'><strong>viloquentiae</strong></span> <span class='ocrx_word' id='word_1_208' title='bbox 372 3107 477 3172; x_wconf 85' lang='lat' dir='ltr'><strong>forma</strong></span> <span class='ocrx_word' id='word_1_209' title='bbox 495 3109 739 3194; x_wconf 88' lang='lat' dir='ltr'><strong>perlustremus.</strong></span> <span class='ocrx_word' id='word_1_210' title='bbox 770 3107 877 3194; x_wconf 90' lang='lat' dir='ltr'><strong>Multi,</strong></span> <span class='ocrx_word' id='word_1_211' title='bbox 895 3107 951 3194; x_wconf 89' lang='lat' dir='ltr'><strong>qui</strong></span> <span class='ocrx_word' id='word_1_212' title='bbox 970 3107 1110 3173; x_wconf 88' lang='lat' dir='ltr'><strong>termino</strong></span> <span class='ocrx_word' id='word_1_213' title='bbox 1125 3106 1305 3192; x_wconf 77' lang='lat' dir='ltr'><strong>zeugmatis</strong></span> 
     </span>
     <span class='ocr_line' id='line_1_26' title="bbox 134 3213 1307 3302; baseline 0 -25"><span class='ocrx_word' id='word_1_214' title='bbox 134 3213 165 3278; x_wconf 92' lang='lat' dir='ltr'><strong>id</strong></span> <span class='ocrx_word' id='word_1_215' title='bbox 184 3215 464 3300; x_wconf 77' lang='lat' dir='ltr'><strong>breviloquentiae</strong></span> <span class='ocrx_word' id='word_1_216' title='bbox 483 3235 585 3302; x_wconf 85' lang='lat' dir='ltr'><strong>genus</strong></span> <span class='ocrx_word' id='word_1_217' title='bbox 604 3215 823 3281; x_wconf 87' lang='lat' dir='ltr'><strong>circumscribi</strong></span> <span class='ocrx_word' id='word_1_218' title='bbox 841 3216 965 3301; x_wconf 83' lang='lat' dir='ltr'><strong>volunt,</strong></span> <span class='ocrx_word' id='word_1_219' title='bbox 984 3214 1148 3301; x_wconf 81' lang='lat' dir='ltr'><strong>quoidam</strong></span> <span class='ocrx_word' id='word_1_220' title='bbox 1162 3214 1307 3298; x_wconf 88' lang='lat' dir='ltr'><strong>verbum,</strong></span> 
     </span>
     <span class='ocr_line' id='line_1_27' title="bbox 135 3321 1302 3409; baseline -0.003 -22"><span class='ocrx_word' id='word_1_221' title='bbox 135 3322 218 3407; x_wconf 89' lang='lat' dir='ltr'><strong>quod</strong></span> <span class='ocrx_word' id='word_1_222' title='bbox 243 3322 280 3387; x_wconf 91' lang='lat' dir='ltr'><strong>in</strong></span> <span class='ocrx_word' id='word_1_223' title='bbox 303 3323 472 3389; x_wconf 85' lang='lat' dir='ltr'><strong>enuntiato</strong></span> <span class='ocrx_word' id='word_1_224' title='bbox 496 3323 705 3408; x_wconf 86' lang='lat' dir='ltr'><strong>expluribus</strong></span> <span class='ocrx_word' id='word_1_225' title='bbox 736 3323 890 3388; x_wconf 89' lang='lat' dir='ltr'><strong>membris</strong></span> <span class='ocrx_word' id='word_1_226' title='bbox 925 3323 1105 3409; x_wconf 91' lang='lat' dir='ltr'><strong>composito</strong></span> <span class='ocrx_word' id='word_1_227' title='bbox 1135 3321 1176 3386; x_wconf 90' lang='lat' dir='ltr'><strong>ad</strong></span> <span class='ocrx_word' id='word_1_228' title='bbox 1204 3343 1302 3385; x_wconf 88' lang='lat' dir='ltr'><strong>unum</strong></span> 
     </span>
     <span class='ocr_line' id='line_1_28' title="bbox 134 3428 1304 3516; baseline -0.002 -23"><span class='ocrx_word' id='word_1_229' title='bbox 134 3430 240 3496; x_wconf 87' lang='lat' dir='ltr'><strong>solum</strong></span> <span class='ocrx_word' id='word_1_230' title='bbox 264 3429 409 3516; x_wconf 86' lang='lat' dir='ltr'><strong>positum</strong></span> <span class='ocrx_word' id='word_1_231' title='bbox 432 3435 498 3516; x_wconf 89' lang='lat' dir='ltr'><strong>est,</strong></span> <span class='ocrx_word' id='word_1_232' title='bbox 521 3431 619 3496; x_wconf 91' lang='lat' dir='ltr'><strong>simul</strong></span> <span class='ocrx_word' id='word_1_233' title='bbox 642 3429 683 3494; x_wconf 86' lang='lat' dir='ltr'><strong>ad</strong></span> <span class='ocrx_word' id='word_1_234' title='bbox 707 3434 814 3495; x_wconf 89' lang='lat' dir='ltr'><strong>cetera</strong></span> <span class='ocrx_word' id='word_1_235' title='bbox 837 3429 949 3496; x_wconf 87' lang='lat' dir='ltr'><strong>eadem</strong></span> <span class='ocrx_word' id='word_1_236' title='bbox 972 3429 1226 3516; x_wconf 84' lang='lat' dir='ltr'><strong>significatione,</strong></span> <span class='ocrx_word' id='word_1_237' title='bbox 1248 3428 1304 3492; x_wconf 89' lang='lat' dir='ltr'><strong>sed</strong></span> 
     </span>
     <span class='ocr_line' id='line_1_29' title="bbox 133 3535 1307 3624; baseline -0.003 -22"><span class='ocrx_word' id='word_1_238' title='bbox 133 3537 197 3603; x_wconf 86' lang='lat' dir='ltr'><strong>alia</strong></span> <span class='ocrx_word' id='word_1_239' title='bbox 219 3538 387 3603; x_wconf 88' lang='lat' dir='ltr'><strong>interdum</strong></span> <span class='ocrx_word' id='word_1_240' title='bbox 409 3537 516 3603; x_wconf 77' lang='lat' dir='ltr'><strong>forma</strong></span> <span class='ocrx_word' id='word_1_241' title='bbox 535 3537 748 3624; x_wconf 87' lang='lat' dir='ltr'><strong>grammatica</strong></span> <span class='ocrx_word' id='word_1_242' title='bbox 765 3537 914 3623; x_wconf 89' lang='lat' dir='ltr'><strong>refertur,</strong></span> <span class='ocrx_word' id='word_1_243' title='bbox 934 3556 1073 3621; x_wconf 82' lang='lat' dir='ltr'><strong>zeugma</strong></span> <span class='ocrx_word' id='word_1_244' title='bbox 1091 3535 1161 3600; x_wconf 89' lang='lat' dir='ltr'><strong>loco&#39;</strong></span> <span class='ocrx_word' id='word_1_245' title='bbox 1180 3537 1307 3618; x_wconf 82' lang='lat' dir='ltr'><strong>figurae</strong></span> 
     </span>
     <span class='ocr_line' id='line_1_30' title="bbox 133 3638 1303 3728; baseline -0.003 -20"><span class='ocrx_word' id='word_1_246' title='bbox 133 3638 196 3709; x_wconf 78' lang='grc' dir='ltr'><strong>ἀπὸ</strong></span> <span class='ocrx_word' id='word_1_247' title='bbox 224 3646 346 3709; x_wconf 84' lang='grc' dir='ltr'><strong><em>κοινοῦ</em></strong></span> <span class='ocrx_word' id='word_1_248' title='bbox 383 3645 554 3710; x_wconf 87' lang='lat' dir='ltr'><strong>adhibent:</strong></span> <span class='ocrx_word' id='word_1_249' title='bbox 591 3644 630 3710; x_wconf 90' lang='lat' dir='ltr'><strong>cf.</strong></span> <span class='ocrx_word' id='word_1_250' title='bbox 654 3643 803 3710; x_wconf 80' lang='lat' dir='ltr'><strong>Sanctius</strong></span> <span class='ocrx_word' id='word_1_251' title='bbox 825 3645 858 3710; x_wconf 92' lang='grc' dir='ltr'><strong>ΙΙ</strong></span> <span class='ocrx_word' id='word_1_252' title='bbox 881 3645 944 3710; x_wconf 85' lang='grc'><strong>347</strong></span> <span class='ocrx_word' id='word_1_253' title='bbox 970 3643 1124 3728; x_wconf 81' lang='lat' dir='ltr'><strong>(iugatis,</strong></span> <span class='ocrx_word' id='word_1_254' title='bbox 1154 3638 1303 3727; x_wconf 83' lang='lat' dir='ltr'><strong>conexio)</strong></span> 
     </span>
     <span class='ocr_line' id='line_1_31' title="bbox 134 3746 1304 3838; baseline -0.004 -22"><span class='ocrx_word' id='word_1_255' title='bbox 134 3751 204 3817; x_wconf 83' lang='lat' dir='ltr'><strong>Ger.</strong></span> <span class='ocrx_word' id='word_1_256' title='bbox 218 3753 242 3818; x_wconf 86' lang='lat' dir='ltr'><strong>J</strong></span> <span class='ocrx_word' id='word_1_257' title='bbox 245 3774 272 3818; x_wconf 94' lang='grc' dir='ltr'><strong>ο.</strong></span> <span class='ocrx_word' id='word_1_258' title='bbox 287 3752 439 3838; x_wconf 85' lang='lat' dir='ltr'><strong>Vossius,</strong></span> <span class='ocrx_word' id='word_1_259' title='bbox 452 3773 583 3836; x_wconf 76' lang='lat' dir='ltr'><strong>proram.</strong></span> <span class='ocrx_word' id='word_1_260' title='bbox 600 3753 652 3818; x_wconf 85' lang='lat' dir='ltr'><strong>lat.</strong></span> <span class='ocrx_word' id='word_1_261' title='bbox 672 3749 719 3816; x_wconf 90' lang='lat' dir='ltr'><strong>ed.</strong></span> <span class='ocrx_word' id='word_1_262' title='bbox 738 3752 820 3817; x_wconf 83' lang='lat'>1631</span> <span class='ocrx_word' id='word_1_263' title='bbox 836 3775 866 3836; x_wconf 94' lang='lat' dir='ltr'><strong>p.</strong></span> <span class='ocrx_word' id='word_1_264' title='bbox 881 3751 940 3837; x_wconf 78' lang='lat'><strong>933</strong></span> <span class='ocrx_word' id='word_1_265' title='bbox 963 3750 1028 3816; x_wconf 88' lang='lat' dir='ltr'><strong>Jul.</strong></span> <span class='ocrx_word' id='word_1_266' title='bbox 1044 3747 1134 3814; x_wconf 83' lang='lat' dir='ltr'><strong>Caes.</strong></span> <span class='ocrx_word' id='word_1_267' title='bbox 1150 3746 1304 3833; x_wconf 83' lang='lat' dir='ltr'><strong>Scaliger,</strong></span> 
     </span>
     <span class='ocr_line' id='line_1_32' title="bbox 133 3857 1303 3945; baseline -0.004 -22"><span class='ocrx_word' id='word_1_268' title='bbox 133 3861 168 3923; x_wconf 82' lang='lat' dir='ltr'><strong>dc</strong></span> <span class='ocrx_word' id='word_1_269' title='bbox 203 3861 308 3925; x_wconf 82' lang='lat' dir='ltr'><strong>causis</strong></span> <span class='ocrx_word' id='word_1_270' title='bbox 345 3861 477 3945; x_wconf 68' lang='grc' dir='ltr'><strong><em>ίίιιρκοι,</em></strong></span> <span class='ocrx_word' id='word_1_271' title='bbox 518 3859 601 3924; x_wconf 88' lang='grc'><strong>1597</strong></span> <span class='ocrx_word' id='word_1_272' title='bbox 640 3859 687 3924; x_wconf 86' lang='lat' dir='ltr'><strong>ed.</strong></span> <span class='ocrx_word' id='word_1_273' title='bbox 708 3882 739 3944; x_wconf 93' lang='lat' dir='ltr'><strong>p.</strong></span> <span class='ocrx_word' id='word_1_274' title='bbox 760 3859 841 3944; x_wconf 82' lang='grc'><strong>431;</strong></span> <span class='ocrx_word' id='word_1_275' title='bbox 878 3857 1137 3941; x_wconf 88' lang='lat' dir='ltr'><strong>Ruddimannus,</strong></span> <span class='ocrx_word' id='word_1_276' title='bbox 1173 3857 1303 3920; x_wconf 77' lang='grc' dir='ltr'><strong><em>ιἰιείίίαί.</em></strong></span> 
     </span>
     <span class='ocr_line' id='line_1_33' title="bbox 130 3962 1304 4050; baseline -0.003 -22"><span class='ocrx_word' id='word_1_277' title='bbox 130 3985 262 4048; x_wconf 80' lang='lat' dir='ltr'><strong>proram.</strong></span> <span class='ocrx_word' id='word_1_278' title='bbox 287 3967 341 4032; x_wconf 79' lang='lat' dir='ltr'><strong>lot.</strong></span> <span class='ocrx_word' id='word_1_279' title='bbox 359 3967 583 4032; x_wconf 79' lang='grc'><strong>1725-1731</strong></span> <span class='ocrx_word' id='word_1_280' title='bbox 608 3965 656 4031; x_wconf 89' lang='lat' dir='ltr'><strong>ed.</strong></span> <span class='ocrx_word' id='word_1_281' title='bbox 671 3963 855 4030; x_wconf 84' lang='lat' dir='ltr'><strong>Stallbaum</strong></span> <span class='ocrx_word' id='word_1_282' title='bbox 877 3965 961 4031; x_wconf 83' lang='lat'>1823</span> <span class='ocrx_word' id='word_1_283' title='bbox 975 3989 1006 4050; x_wconf 91' lang='lat' dir='ltr'><strong>p.</strong></span> <span class='ocrx_word' id='word_1_284' title='bbox 1020 3964 1095 4049; x_wconf 79' lang='lat'><strong>362,</strong></span> <span class='ocrx_word' id='word_1_285' title='bbox 1117 3962 1187 4048; x_wconf 92' lang='lat' dir='ltr'><strong>qui,</strong></span> <span class='ocrx_word' id='word_1_286' title='bbox 1205 3965 1304 4047; x_wconf 88' lang='lat' dir='ltr'><strong>prout</strong></span> 
     </span>
     <span class='ocr_line' id='line_1_34' title="bbox 134 4072 1302 4160; baseline -0.004 -23"><span class='ocrx_word' id='word_1_287' title='bbox 134 4073 267 4139; x_wconf 86' lang='lat' dir='ltr'><strong>verbum</strong></span> <span class='ocrx_word' id='word_1_288' title='bbox 300 4074 515 4160; x_wconf 88' lang='lat' dir='ltr'><strong>supplendum</strong></span> <span class='ocrx_word' id='word_1_289' title='bbox 548 4072 650 4138; x_wconf 89' lang='lat' dir='ltr'><strong>distat</strong></span> <span class='ocrx_word' id='word_1_290' title='bbox 682 4095 701 4136; x_wconf 87' lang='lat' dir='ltr'><strong>a</strong></span> <span class='ocrx_word' id='word_1_291' title='bbox 732 4073 832 4138; x_wconf 83' lang='lat' dir='ltr'><strong>verbo</strong></span> <span class='ocrx_word' id='word_1_292' title='bbox 868 4072 975 4156; x_wconf 89' lang='lat' dir='ltr'><strong>posito</strong></span> <span class='ocrx_word' id='word_1_293' title='bbox 1010 4092 1147 4136; x_wconf 90' lang='lat' dir='ltr'><strong>numero</strong></span> <span class='ocrx_word' id='word_1_294' title='bbox 1184 4088 1302 4154; x_wconf 90' lang='lat' dir='ltr'><strong>genere</strong></span> 
     </span>
     <span class='ocr_line' id='line_1_35' title="bbox 133 4177 1298 4267; baseline -0.004 -23"><span class='ocrx_word' id='word_1_295' title='bbox 133 4203 287 4267; x_wconf 90' lang='lat' dir='ltr'><strong>persona,</strong></span> <span class='ocrx_word' id='word_1_296' title='bbox 322 4181 540 4246; x_wconf 84' lang='lat' dir='ltr'><strong>distinxerunt</strong></span> <span class='ocrx_word' id='word_1_297' title='bbox 576 4201 712 4266; x_wconf 84' lang='lat' dir='ltr'><strong>neugma</strong></span> <span class='ocrx_word' id='word_1_298' title='bbox 747 4179 873 4245; x_wconf 90' lang='lat' dir='ltr'><strong>numeri</strong></span> <span class='ocrx_word' id='word_1_299' title='bbox 911 4177 1039 4263; x_wconf 85' lang='lat' dir='ltr'><strong>generis</strong></span> <span class='ocrx_word' id='word_1_300' title='bbox 1070 4197 1236 4262; x_wconf 87' lang='lat' dir='ltr'><strong>personae.</strong></span> <span class='ocrx_word' id='word_1_301' title='bbox 1263 4212 1298 4221; x_wconf 86' lang='lat'>-</span> 
     </span>
     <span class='ocr_line' id='line_1_36' title="bbox 134 4280 1302 4373; baseline -0.006 -21"><span class='ocrx_word' id='word_1_302' title='bbox 134 4285 272 4363; x_wconf 77' lang='lat' dir='ltr'><strong>Quidam</strong></span> <span class='ocrx_word' id='word_1_303' title='bbox 287 4280 394 4372; x_wconf 84' lang='lat' dir='ltr'><strong>¹prout</strong></span> <span class='ocrx_word' id='word_1_304' title='bbox 416 4288 551 4353; x_wconf 87' lang='lat' dir='ltr'><strong>verbum</strong></span> <span class='ocrx_word' id='word_1_305' title='bbox 574 4287 719 4373; x_wconf 89' lang='lat' dir='ltr'><strong>positum</strong></span> <span class='ocrx_word' id='word_1_306' title='bbox 743 4289 813 4352; x_wconf 91' lang='lat' dir='ltr'><strong>erat</strong></span> <span class='ocrx_word' id='word_1_307' title='bbox 840 4285 881 4350; x_wconf 89' lang='lat' dir='ltr'><strong>ad</strong></span> <span class='ocrx_word' id='word_1_308' title='bbox 909 4286 1049 4371; x_wconf 92' lang='lat' dir='ltr'><strong>primum</strong></span> <span class='ocrx_word' id='word_1_309' title='bbox 1078 4282 1131 4346; x_wconf 83' lang='lat' dir='ltr'><strong>vel</strong></span> <span class='ocrx_word' id='word_1_310' title='bbox 1162 4282 1302 4346; x_wconf 87' lang='lat' dir='ltr'><strong>alterum</strong></span> 
     </span>
     <span class='ocr_line' id='line_1_37' title="bbox 134 4389 1302 4478; baseline -0.005 -20"><span class='ocrx_word' id='word_1_311' title='bbox 134 4395 185 4459; x_wconf 88' lang='lat' dir='ltr'><strong>vel</strong></span> <span class='ocrx_word' id='word_1_312' title='bbox 209 4398 389 4460; x_wconf 82' lang='lat' dir='ltr'><strong>extremum</strong></span> <span class='ocrx_word' id='word_1_313' title='bbox 404 4393 562 4459; x_wconf 86' lang='lat' dir='ltr'><strong>orationis</strong></span> <span class='ocrx_word' id='word_1_314' title='bbox 579 4394 759 4459; x_wconf 88' lang='lat' dir='ltr'><strong>membrum</strong></span> <span class='ocrx_word' id='word_1_315' title='bbox 781 4392 961 4478; x_wconf 82' lang='lat' dir='ltr'><strong>zeugmatis</strong></span> <span class='ocrx_word' id='word_1_316' title='bbox 980 4392 1220 4477; x_wconf 88' lang='lat' dir='ltr'><strong>proposuerunt</strong></span> <span class='ocrx_word' id='word_1_317' title='bbox 1242 4389 1302 4453; x_wconf 89' lang='lat' dir='ltr'><strong>has</strong></span> 
     </span>
     <span class='ocr_line' id='line_1_38' title="bbox 133 4495 1302 4599; baseline -0.002 -35"><span class='ocrx_word' id='word_1_318' title='bbox 133 4499 270 4576; x_wconf 78' lang='lat' dir='ltr'><strong>formas:</strong></span> <span class='ocrx_word' id='word_1_319' title='bbox 288 4523 376 4599; x_wconf 86' lang='lat' dir='ltr'><strong>pro-,</strong></span> <span class='ocrx_word' id='word_1_320' title='bbox 394 4523 483 4568; x_wconf 91' lang='lat' dir='ltr'><strong>meso</strong></span> <span class='ocrx_word' id='word_1_321' title='bbox 491 4537 513 4593; x_wconf 92' lang='lat'><strong>·,</strong></span> <span class='ocrx_word' id='word_1_322' title='bbox 531 4502 781 4587; x_wconf 84' lang='lat' dir='ltr'><strong>hypo-zeugma</strong></span> <span class='ocrx_word' id='word_1_323' title='bbox 799 4495 1302 4592; x_wconf 48' lang='grc' dir='ltr'><strong>(11861811ιιιιοοιωκι.)</strong></span> 
     </span>
    </p>
   </div>
   <div class='ocr_carea' id='block_1_3' title="bbox 0 0 1626 5284">
    <p class='ocr_par' dir='ltr' id='par_1_5' title="bbox 0 0 1626 5284">
     <span class='ocr_line' id='line_1_39' title="bbox 0 0 1626 5284; baseline 0 5"><span class='ocrx_word' id='word_1_324' title='bbox 0 0 1626 5284; x_wconf 95' lang='lat' dir='ltr'><strong> </strong></span> 
     </span>
    </p>
   </div>
  </div>
 </body>
</html>
