3242 5284
631 480 851 544 -19...

157 639 343 722 aposiopesis
365 645 409 705 est
429 641 530 718 dictio,
553 661 621 706 wia
643 641 718 722 riuis
739 641 887 725 reticetur,
909 646 945 704 ut
961 645 1018 706 ont
1035 645 1185 706 tenentur
1203 643 1328 706 auditor

156 751 214 810 out
236 748 279 812 od
300 747 483 812 amatim
501 748 681 814 intendatur
699 749 825 812 nuditus
842 752 878 812 ut
893 767 993 832 „qnos
1010 746 1085 830 eyo“
1108 752 1141 814 et
1159 771 1189 833 q.
1208 771 1233 814 s.
1265 749 1326 814 His

157 852 266 918 verbis
289 853 407 924 vitium
429 853 512 918 illud
535 853 730 938 admittitur,
753 852 839 938 quod
862 851 1083 929 Quintilianus
1098 855 1119 920 l.
1134 855 1153 920 l.
1173 855 1327 921 acerrime

157 959 346 1046 vituperat.)
369 997 412 1006 —
429 961 559 1041 frustra.
591 961 678 1026 Nam
692 961 751 1028 illo
764 961 841 1039 quid
853 965 951 1026 unae
964 962 1114 1028 incertum
1127 968 1172 1028 est
1184 968 1241 1028 out
1252 969 1329 1028 cute

158 1066 294 1149 loupiore
320 1087 457 1134 serrum
478 1069 706 1152 replicandum,
728 1067 778 1134 iric
800 1089 898 1136 uuum
925 1067 1047 1132 cahom
1075 1073 1103 1134 ct
1128 1069 1328 1150 menifestum

158 1174 281 1254 quidm
303 1174 508 1252 destinatum
547 1194 625 1254 quae
651 1176 679 1240 ei
702 1175 886 1258 aposiopesis
908 1180 963 1259 est,
993 1174 1075 1240 uitii
1101 1196 1176 1261 nou,
1208 1178 1243 1242 ia
1269 1198 1328 1260 qno

158 1281 239 1344 deest
254 1281 387 1366 aliquid,
409 1283 488 1348 idem
508 1282 719 1364 appellabitur.
757 1281 883 1364 Necepo
901 1281 982 1346 illud
998 1283 1120 1363 quidem
1138 1285 1329 1367 aposiopesin

158 1407 275 1470 compa
297 1409 378 1473 uoco,
401 1389 436 1453 in
458 1409 518 1470 quo
541 1409 589 1454 ree
616 1405 812 1468 quoeunque
836 1389 1023 1470 relinquitur
1049 1390 1266 1476 inteltependa,
1295 1397 1331 1456 ut

159 1515 252 1576 aeoru
274 1497 309 1560 iu
327 1496 466 1578 mutatis
490 1495 611 1561 Cicero:
632 1497 738 1581 „doto
760 1495 995 1579 Iarpucolibus,
1017 1515 1076 1577 quo
1099 1497 1148 1562 die
1169 1497 1330 1563 Antonius
1467 1564 1474 1578 ,

162 1601 331 1679 Goesori“;
355 1624 418 1668 nou
440 1604 523 1668 euim
545 1604 670 1668 obticuit
691 1607 749 1667 cut
770 1603 857 1688 lusit,
880 1603 957 1685 quio
983 1601 1064 1667 uitii
1089 1601 1139 1668 iiio
1165 1604 1255 1670 atiud
1280 1606 1328 1670 in·

164 1709 258 1794 uitur·
274 1713 410 1794 poteru,
433 1731 526 1792 quom
547 1709 603 1774 too
624 1709 795 1795 „diodeuco
817 1706 996 1793 impoarrit“.

250 1816 540 1901 Aposiopeseos
564 1817 689 1901 igitur
711 1816 747 1880 id
776 1819 838 1881 est
865 1814 1079 1901 proprium,
1107 1821 1149 1882 ut
1179 1818 1328 1884 oratio-

168 1943 244 1988 nem
266 1923 324 1988 itu
347 1924 625 2009 interrumpat,
646 1926 692 1988 ut
714 1923 842 1988 tacita
865 1926 931 1986 aut
953 1923 1066 2007 plane
1089 1923 1241 1990 incerta
1265 1932 1330 1990 aut

167 2034 269 2096 certe
288 2031 466 2115 longiore
486 2052 660 2096 sermone
680 2029 914 2115 explicanda
932 2028 1012 2094 sint
1030 2026 1330 2115 (sequaninis

166 2137 270 2208 verbis
288 2138 406 2222 positis
424 2159 490 2202 nou
509 2137 590 2202 satis
613 2134 826 2222 indicantur);
849 2135 914 2200 ubi
938 2138 1066 2203 autem
1089 2137 1246 2202 verbum
1269 2140 1329 2204 vel

163 2243 283 2310 verba
305 2244 510 2310 subtracta
532 2243 656 2329 primo
687 2243 798 2328 quusi
826 2245 985 2326 aspectu
1013 2265 1057 2308 ex
1083 2246 1171 2308 tota
1202 2266 1330 2310 rerum

162 2351 445 2436 verborumque
468 2373 566 2416 nexu
588 2350 967 2435 subintelleguntur,
991 2349 1082 2436 quia
1100 2347 1202 2414 nihil
1222 2351 1330 2416 aliud

162 2457 349 2544 intellegi
367 2461 518 2543 potest,
535 2479 610 2524 non
629 2460 688 2524 est
703 2456 963 2542 aposiopesis,
982 2455 1047 2522 sed
1066 2456 1330 2542 synecdoches

163 2565 353 2650 quoddam
376 2587 512 2652 genus,
536 2587 583 2631 sc
606 2564 773 2650 ellipsis.

253 2671 316 2738 Sed
338 2672 419 2738 haec
442 2672 572 2757 quidem
590 2672 757 2738 hactenus.
798 2669 947 2736 Breviter
970 2673 1115 2736 veterum
1135 2670 1331 2736 definitioni-

163 2779 224 2845 bus
248 2780 445 2864 computatis
469 2778 531 2846 duo
546 2779 783 2863 'aposiopeseos
807 2798 927 2862 genera
950 2777 1149 2863 distinguere
1173 2778 1262 2844 licet:

255 2887 283 2952 1.
302 2886 554 2972 aposiopesin
572 2884 861 2971 paralipticam:
880 2883 943 2948 etsi
958 2884 1118 2968 expressis
1133 2885 1239 2950 verbis
1254 2886 1343 2952 dici*

163 2996 218 3058 tur
242 2993 365 3077 aliquid
388 2994 502 3078 taceri,
532 2998 643 3058 tamen
665 3013 731 3057 non
760 2991 856 3076 plane
886 2993 1028 3075 tacetur,
1060 2991 1116 3056 sed
1146 2996 1205 3056 aut
1235 3015 1332 3077 quam

164 3099 356 3168 brevissime
379 3100 520 3185 propriis
543 3099 652 3165 verbis
676 3097 886 3164 adumbratur
909 3092 964 3182 (cf.
978 3094 1125 3162 Cornific.
1139 3097 1186 3162 IV
1202 3099 1259 3183 30,
1276 3101 1333 3186 413

165 3207 340 3274 Phoebum.
365 3200 699 3293 [ὑποσιώπησις]),-
714 3205 838 3270 ecmdit
854 3203 935 3270 haec
952 3202 1098 3287 proxime
1118 3203 1158 3268 ad
1177 3207 1333 3289 praeteri·
1410 3216 1413 3221 '

165 3313 302 3398 tionem,
325 3313 401 3398 quia
418 3335 478 3378 nec
497 3313 601 3378 oratio
620 3312 717 3398 plane
740 3311 935 3397 praeciditur
958 3331 1017 3374 nee
1036 3311 1216 3376 sententiae
1235 3312 1333 3378 inter·
1370 3351 1372 3355 ·

165 3423 361 3508 rumpuntur
388 3457 431 3467 —
463 3424 520 3486 aut
548 3419 663 3488 ceteris
690 3418 798 3484 verbis
825 3423 894 3484 tam
921 3415 1061 3482 dilucide
1093 3416 1270 3503 indicatur,
1297 3424 1335 3484 ut

167 3529 205 3594 de
235 3550 270 3594 re
298 3527 479 3612 supplenda
506 3527 640 3592 minime
668 3525 812 3590 dubitari
838 3524 943 3610 possit
973 3560 1015 3570 -
1046 3523 1169 3589 accedit
1191 3524 1272 3590 haee
1295 3527 1335 3592 ad
1425 3535 1427 3538 ’

167 3633 388 3722 synecdochen
399 3671 441 3682 -
452 3631 506 3720 (cf.
525 3633 670 3698 Rutilius
690 3627 983 3715 [παρασιώπησις],
998 3629 1090 3695 Alex.
1108 3629 1257 3716 Numen,
1275 3631 1334 3696 Ζο-

167 3765 283 3828 uaeus,
316 3763 466 3826 anonym.
485 3763 536 3825 ap.
554 3739 659 3804 Wala.
682 3763 713 3825 p.
734 3739 814 3823 702,
840 3737 1002 3821 Tiberius,
1038 3735 1259 3823 Hermogenes
1288 3739 1335 3820 [in

168 3850 273 3934 priore
303 3847 502 3914 definitionis
531 3849 652 3932 parte]‚
676 3867 769 3914 anon.
789 3868 840 3930 ap.
859 3843 968 3908 Halm.
986 3867 1016 3927 p.
1037 3843 1092 3927 74,
1119 3842 1266 3930 Trypho,
1292 3843 1335 3910 M.

167 3954 294 4022 Plotius
319 3949 596 4040 [dacordnuorsll.

256 4064 286 4129 2.
305 4062 501 4146 propriam
520 4064 635 4144 atque
650 4057 869 4124 absolutam
888 4055 1150 4142 aposiopesin,
1165 4079 1247 4141 quae
1261 4057 1336 4122 niti-

169 4174 221 4236 tur
239 4167 386 4254 emphasi
405 4172 438 4234 et
453 4189 489 4233 eo
504 4166 664 4252 procedit,
683 4169 720 4230 ut
739 4187 821 4250 quae
840 4168 988 4230 tacentur
1005 4185 1065 4228 nec
1078 4162 1260 4228 indicentur
1278 4187 1337 4230 nee

169 4277 264 4344 facile
296 4275 508 4361 suppleantur
539 4270 594 4360 (cf.
612 4273 847 4357 Quintilianus,
879 4270 1122 4338 Phoebammon
1154 4273 1217 4356 [ap.
1234 4269 1338 4337 Waln.

169 4408 199 4469 p.
221 4377 316 4468 5051,
345 4381 564 4467 Herodianus,
593 4379 831 4464 Hermogenes,
859 4379 917 4444 ubi
946 4378 985 4444 de
1016 4375 1201 4462 aposiopesi
1230 4380 1337 4466 τελείᾳ

170 4491 267 4556 verba
289 4487 391 4577 fauit).
1086 4570 1123 4626 2*
