3204 5284
595 477 834 542 -107-

120 637 267 701 Brutum
280 642 308 701 et
322 635 467 702 Quom
485 637 658 702 laudavisse
675 637 760 702 duur
779 641 812 702 et
826 660 856 722 q.
871 639 1022 724 s.;-VI
1042 640 1081 705 10
1097 637 1297 726 (16)‚1-4:

119 766 163 808 ne
177 744 316 825 fmninoe
333 745 454 826 quiden
472 749 603 809 exsules
616 744 748 827 pcruni
763 795 770 808 .
787 744 869 826 Quia
887 748 1078 829 occupandae
1096 748 1142 810 rei
1155 747 1298 830 publicae

121 853 219 934 arqui
241 871 304 916 non
321 856 474 935 purant,
497 851 533 917 ob
552 852 698 916 mamas
716 853 953 929 inundantum·
975 859 1139 936 necataque
1156 859 1201 918 cst
1217 873 1298 918 anus

127 959 217 1024 Vitio
232 1009 272 1044 ..,
294 959 376 1040 quod
396 959 457 1039 lilii
478 979 579 1024 necem
601 959 743 1041 fleusw:
766 958 839 1024 liaeo
856 961 942 1043 opud
957 965 1113 1037 senatuu;
1143 979 1198 1025 nec
1214 979 1298 1026 secus

121 1070 157 1131 et
171 1088 203 1150 q.
220 1086 261 1151 s.;
298 1065 336 1131 cf.
357 1064 466 1152 (trees,
489 1067 526 1131 de
541 1067 806 1149 praepositionum
828 1087 888 1132 usn
910 1069 996 1150 opud
1019 1067 1107 1151 Tac,
1122 1091 1152 1152 p.
1169 1067 1222 1132 37.

214 1173 301 1238 Loco
320 1172 381 1237 An.
396 1171 444 1239 IV
461 1174 510 1260 12,
527 1174 565 1237 11
583 1169 636 1259 (cl.
650 1196 681 1259 p.
694 1173 738 1237 48
754 1169 850 1259 seq.):
873 1175 969 1257 ipitur
987 1175 1212 1240 contumaciam
1230 1176 1297 1240 eius

121 1282 285 1366 insectari,
316 1285 400 1345 octus
421 1280 582 1364 Aupustae
617 1280 734 1363 odium
769 1285 915 1344 recentem
941 1282 1051 1346 Liuiae
1082 1282 1298 1347 conscientian

121 1389 296 1473 ecapitare,
323 1392 359 1452 ut
379 1386 541 1470 apertam
555 1437 562 1450 .
574 1437 580 1452 .
594 1391 772 1468 arquererut:
795 1392 884 1470 atque
904 1388 977 1454 haec
1003 1389 1125 1454 callidis
1151 1389 1297 1453 ammina-

124 1495 242 1560 uncus
274 1483 476 1578 adducimur,
512 1497 549 1557 ut
588 1492 688 1558 etiam
725 1493 813 1558 locos
859 1493 956 1560 hosce
993 1495 1047 1560 hic
1087 1495 1297 1561 collocemus:

123 1601 166 1667 H.
181 1601 301 1685 11163,
321 1601 429 1665 1-2:
456 1600 589 1684 obnupta
614 1601 749 1683 undique
780 1621 832 1684 spe
856 1601 1039 1667 Vitellianus
1065 1602 1152 1667 mim
1184 1592 1296 1666 tansl-

127 1714 214 1774 turus
231 1709 266 1773 in
278 1713 393 1793 partes,
411 1708 501 1790 idque
513 1728 576 1772 non
589 1708 657 1773 sine
670 1709 786 1793 maore,
803 1710 857 1774 scol
867 1709 923 1774 sub
940 1711 1038 1792 Quis
1052 1690 1239 1791 capillisque,
1265 1710 1297 1772 in

131 1815 419 1881 mMedosNarnrae
431 1835 553 1897 compos
566 1815 741 1880 munem
750 1812 803 1902 (cf.
812 1839 842 1900 p.
849 1812 922 1902 48);
931 1851 972 1862 —
983 1815 1046 1882 An.
1053 1815 1100 1881 VI
1108 1817 1151 1880 48
1162 1813 1243 1902 (54),
1257 1817 1295 1880 19

131 1945 207 2008 seq:
232 1927 410 2007 stuprum
436 1924 502 1988 cius
530 1923 669 1988 minutii
691 1921 853 1988 Carsidius
876 1921 1024 1988 Sacerdos
1044 1924 1236 2007 prmtorius,
1263 1928 1299 1986 ut

127 2032 162 2095 in
188 2031 326 2095 insulam
352 2031 574 2114 deputarem
597 2029 729 2094 Ponticus
751 2029 953 2112 Frepcllanus
980 2032 1132 2095 omitteret
1159 2031 1297 2095 ordinem

123 2139 329 2216 mudum,
352 2142 381 2202 ct
408 2137 527 2201 caedem
544 2157 664 2218 poenae
686 2139 721 2202 in
743 2134 887 2201 Laclicun
910 2137 1048 2202 Balbum
1077 2137 1297 2202 decernuntur:

123 2247 161 2310 id
183 2245 305 2327 quidem
327 2266 349 2308 a
372 2243 568 2329 aemma,
595 2245 670 2326 quia
692 2243 814 2309 Bellus
842 2245 921 2308 truci
942 2245 1111 2327 eloquentia
1132 2243 1298 2308 aonam

123 2357 158 2418 ct
173 2375 204 2438 q.
218 2373 243 2419 s.
429 2359 436 2378 ¹

215 2458 365 2524 Tacitum
388 2459 450 2524 hac
472 2457 599 2523 ratione
628 2479 666 2522 ex
695 2455 866 2522 enuntiato
894 2456 1083 2522 secundario
1111 2456 1146 2522 in
1173 2455 1296 2521 coordi·
1327 2539 1331 2546 Ι

123 2571 240 2633 natum
275 2566 365 2631 aliud
398 2565 603 2631 enuntiatum
637 2563 861 2629 secundarium
899 2565 1034 2630 verbum
1064 2563 1192 2628 finitum
1223 2585 1297 2648 sup·

123 2673 280 2759 plandum
309 2673 480 2758 reliquisse
512 2694 553 2736 nc
583 2694 647 2737 uno
678 2670 809 2755 quidem
838 2671 969 2757 probari
1000 2675 1110 2756 potest
1139 2670 1297 2755 exemplo.
1434 2721 1436 2726 .

124 2780 316 2866 Nipperdey
346 2780 409 2844 huc
431 2780 592 2865 pertinere
615 2779 687 2843 vult
714 2779 821 2843 Iocum
846 2779 908 2868 An.
919 2777 1000 2844 XIII
1015 2779 1068 2863 25,
1084 2779 1199 2843 1-6:
1229 2777 1297 2843 cod.

126 2888 186 2970 Qu.
206 2888 328 2952 Volusio
339 2886 376 2951 P.
390 2885 531 2970 Scipione
549 2885 722 2951 malchus
739 2887 834 2950 otium
855 2888 942 2966 foris,
960 2886 1051 2967 foeda
1064 2887 1147 2950 unt
1161 2885 1297 2970 luscium

125 3015 190 3078 quo
213 2995 297 3060 Nero
326 2994 440 3058 itinero
471 2993 557 3060 urbas
587 2998 616 3058 et
647 2994 816 3076 lupanaria
848 2997 876 3058 et
906 2992 1297 3077 commta-pererrabat,

125 3101 353 3186 comitantibus,
382 3103 436 3183 qui
464 3106 607 3184 raperent
633 3101 801 3165 venditioni
822 3101 959 3183 eaposita
990 3103 1018 3165 et
1047 3100 1142 3164 eburius
1170 3100 1298 3164 onlnem

125 3209 290 3293 inferrent,
322 3209 468 3273 eduum
494 3209 619 3290 ipnaros
645 3209 735 3292 adeo,
767 3212 803 3271 nt
823 3209 886 3290 ipse
914 3227 1030 3290 quoque
1052 3207 1298 3289 compacticius

126 3322 156 3381 et
177 3337 229 3380 ore
247 3315 425 3397 praefmct.
470 3314 617 3399 Draeger
647 3313 711 3379 sibi
738 3314 935 3380 satisfecisse
963 3314 1053 3378 visus
1081 3313 1297 3398 explicatione

127 3423 320 3488 adverbium
357 3422 457 3487 adeo
494 3423 639 3507 positum
669 3423 703 3486 in
733 3421 932 3506 anastrophe
966 3421 1105 3486 iuveniri
1135 3420 1234 3486 etiam
1263 3420 1298 3485 in

127 3554 197 3617 cap.
212 3531 255 3595 35
288 3533 321 3595 et
353 3528 439 3614 apud
453 3528 526 3595 Val.
538 3529 623 3594 Max.
638 3528 705 3613 9,3
720 3529 818 3593 extit
847 3532 881 3594 ct
909 3528 995 3612 apud
1027 3532 1156 3613 politas,
1187 3548 1296 3592 veram

128 3638 358 3703 difficultatem
381 3636 416 3702 ln
439 3636 544 3701 medio
567 3635 710 3720 reliquit.
755 3634 944 3722 Nipperdey
972 3634 1116 3720 suppleri
1143 3633 1234 3698 iubet
1257 3633 1297 3696 ad

127 3745 228 3811 verba
266 3745 412 3810 alannus
446 3745 572 3826 pueros
609 3745 684 3808 adeo
721 3766 759 3808 ex
796 3741 1060 3808 antecedentibus
1101 3739 1297 3826 praedicatis

126 3853 298 3937 haecque
328 3850 511 3916 facerent.
556 3848 619 3915 Sed
657 3850 807 3932 omnibus
844 3849 938 3933 Iocis,
975 3848 1092 3934 quibus
1122 3847 1189 3912 tale
1220 3845 1298 3931 quid

127 3958 309 4045 suppletur,
333 3957 465 4022 omissio
488 3957 578 4022 verbi
603 3957 764 4043 generalis
783 3960 955 4022 excusatur
975 3977 1022 4039 cc,
1045 3954 1131 4040 quod
1150 3959 1208 4019 aut
1226 3975 1298 4037 pro·

126 4063 246 4152 prium
271 4065 498 4131 antecedentia
530 4065 798 4149 complectentem
836 4064 1056 4128 accusativum
1093 4061 1212 4126 obiecti
1244 4056 1299 4146 (cf.

127 4171 359 4258 H.152,3l4:
380 4173 677 4256 plura-quaedam,
701 4208 734 4216 -
756 4171 807 4236 III
820 4171 917 4256 9,19:
942 4168 1040 4234 nihil
1060 4205 1091 4212 -
1117 4167 1164 4234 IV
1175 4167 1227 4252 50,
1244 4168 1298 4231 ll:

128 4280 321 4363 neutrurn)
335 4285 392 4345 aut
407 4280 506 4345 etiam
524 4285 655 4365 praeter
667 4279 767 4344 talem
791 4277 1010 4344 accusativum
1030 4275 1224 4361 particulam
1248 4294 1299 4338 co·

127 4388 310 4475 pulativam
324 4387 356 4452 vi
372 4387 579 4471 epexcgctica
593 4385 775 4472 praeditam
792 4384 918 4450 addidit
931 4384 1064 4449 Tacitus
1078 4383 1112 4447 in
1128 4380 1297 4450 enuntiato

127 4495 288 4581 cllipti003
316 4516 398 4580 quae
427 4515 499 4558 cum
522 4517 573 4559 res
596 4517 661 4562 non
684 4494 732 4562 ita
755 4493 799 4560 sit
821 4497 932 4563 nostro
957 4493 1027 4560 loco
1058 4489 1217 4560 reicienda
1249 4493 1299 4557 est
