3242 5284
761 427 980 491 ...38-

287 590 423 656 auem
460 611 533 654 esse
569 609 686 654 censeo
716 587 753 652 iu
787 587 874 652 hune
904 585 974 651 fere
1004 584 1152 649 modum:
1193 582 1360 666 ellipsis
1402 584 1463 645 est

289 697 452 763 omissio
474 695 669 779 vocabuli,
690 694 792 779 qnod
813 693 891 758 etsi
912 715 981 758 nee
1006 691 1167 777 proprie
1188 711 1258 754 nec
1284 690 1465 754 latenter

289 805 440 870 (lictum
466 809 596 868 tamen
622 803 680 866 ita
706 801 979 887 significatur,
1001 812 1043 862 ut
1065 796 1249 882 cogitari
1270 797 1409 881 possit

378 911 514 976 Praeter
538 909 700 974 lisseium
726 909 812 974 alim
839 909 986 994 quidam,
1012 906 1206 988 llelhorn‚
1234 905 1270 968 iu
1298 925 1464 968 commen-

289 1009 1467 1093 tatiouedeedmtistxtxonoormimdeminlinpm

286 1147 410 1209 praeca,
429 1123 561 1210 Glogan
587 1125 682 1208 1833,
702 1121 884 1186 Hermanni
905 1121 1129 1186 definitionem
1157 1119 1252 1204 quam
1273 1119 1466 1184 emendasse

291 1232 356 1298 sibi
377 1231 552 1296 videbatur
573 1232 693 1296 additis
719 1230 829 1295 verbis
914 1230 1068 1312 ωςίλαλαα
1091 1249 1114 1289 a
1133 1229 1357 1310 mantino,
1386 1225 1467 1310 quis

291 1340 357 1405 dici
385 1339 535 1422 deberet,
568 1361 589 1402 a
619 1361 684 1422 quo
713 1337 909 1401 vocabulum
939 1336 1097 1400 omissum
1126 1339 1215 1398 emet
1245 1333 1467 1420 cogitandum

291 1445 440 1512 Frustra!
476 1446 516 1512 αἱ
537 1443 708 1510 Sommer
735 1445 771 1508 in
800 1443 947 1508 Zeitcdir.
973 1441 1031 1519 leit
1060 1444 1089 1506 d
1117 1441 1347 1506 Altatlnamnc.
1380 1440 1467 1504 1836

292 1578 324 1639 p,
341 1554 385 1618 98
404 1576 471 1638 seq.
488 1539 690 1618 ¹Ceterorum
703 1550 743 1615 (le
766 1551 876 1635 ellipsi
897 1554 1070 1635 praecepta
1093 1570 1176 1633 quac
1199 1547 1469 1631 examinavimus,

293 1660 461 1744 licissigii,
482 1659 704 1743 Raunshomii,
718 1657 851 1742 Raudii,
865 1656 1133 1740 Weissenboruii,
1145 1655 1298 1740 Kn‘igcri,
1311 1653 1468 1739 Zumptii,

292 1767 467 1853 Madvigii,
495 1765 630 1850 Riessii,
658 1763 695 1830 1².
724 1762 884 1848 Schnlzii,
912 1763 1179 1850 Naegelsbaehii‚
1212 1763 1360 1827 lifihneri
1396 1767 1467 1826 tam

294 1897 397 1960 prope
415 1874 573 1939 accedunt
589 1873 632 1937 ad
645 1871 825 1937 Hermanui
843 1871 1040 1955 doctrinam,
1061 1875 1100 1934 ut
1113 1871 1246 1956 singula
1261 1869 1302 1933 ad
1323 1869 1468 1934 calculos

294 1981 405 2046 vooeri
430 2003 497 2045 non
523 1980 673 2044 debeant
718 1978 831 2042 Etiam
859 2001 919 2042 nos
949 1977 1185 2062 acquiescimus
1214 1977 1250 2040 in
1278 1976 1469 2041 definitione

295 2089 364 2174 illa,
386 2111 485 2173 quam
507 2085 684 2152 secundum
706 2085 887 2150 Hermsnni
910 2090 945 2150 et
965 2084 1082 2149 Haasfi
1103 2089 1278 2170 praccepta
1299 2083 1471 2168 proposui-

295 2217 377 2260 mus
421 2196 461 2260 ln
484 2217 523 2259 eo
549 2197 660 2258 cutem
688 2193 896 2278 offendimus,
933 2193 1020 2278 quod
1048 2193 1208 2256 terminus
1238 2191 1395 2275 ellipsis
1425 2213 1469 2254 ex

296 2301 604 2388 significatione
651 2323 722 2364 sua
766 2301 1040 2385 etymologica
1082 2322 1218 2384 parum
1266 2298 1471 2362 consentit

295 2432 379 2475 cum
401 2431 455 2494 re,
476 2431 573 2493 quae
601 2409 639 2472 ei
667 2407 878 2492 subicitur,
903 2408 961 2471 ita
985 2411 1042 2490 ut,
1069 2407 1148 2471 uisi
1177 2406 1289 2469 iusta
1310 2404 1471 2469 accedit

296 2515 531 2601 explicatio,
547 2514 668 2580 facile
686 2536 843 2579 errores
861 2516 1024 2599 gignere
1042 2513 1180 2597 possit
1214 2512 1471 2588 Quamobrem

297 2622 419 2687 etiam
439 2622 513 2688 hoc
535 2621 746 2686 terminon
775 2621 873 2685 viris
903 2621 1031 2686 doctis
1058 2620 1258 2685 abstineri
1284 2619 1471 2684 iubemus.

412 2819 472 2896 IV.
508 2819 564 2894 De
591 2820 731 2917 Figura
756 2813 826 2891 ee
852 2824 979 2892 κοινοῦ
1006 2820 1121 2892 etde
1148 2825 1358 2915 zeugmate.

387 2960 647 3026 Phoebammo
670 2959 895 3044 ap.WclaHI
908 2983 939 3044 p.
953 2960 1029 3044 498,
1045 2957 1195 3045 Spengel.
1211 2959 1263 3023 ΠΙ
1277 2959 1365 3043 p.46
1388 2960 1472 3044 figu-

299 3091 369 3133 rem
392 3062 466 3133 ἀπὸ
488 3068 633 3132 κοινοῦ
654 3067 776 3132 dictem
798 3066 833 3131 in
860 3066 967 3151 capite
989 3065 1065 3151 περὶ
1083 3065 1215 3142 ἐνδείας
1237 3067 1359 3152 scripto
1383 3066 1474 3130 hisce

298 3174 408 3240 verbis
431 3174 697 3260 circumscripsit:

388 3276 453 3346 ἀπὸ
480 3283 599 3346 κοινοῦ
629 3281 670 3348 σε’
699 3281 768 3346 ἐστι
796 3280 883 3358 λέξις
909 3276 995 3358 ἅπαξ
1023 3277 1085 3364 μὲν
1108 3279 1287 3364 λεγομένη,
1315 3277 1476 3358 πολλάκις

300 3386 338 3454 (ll
361 3387 529 3472 νοονμένη
553 3387 608 3453 καὶ
635 3387 907 3473 συντασσομένη,
937 3383 983 3464 ὡς
1009 3389 1067 3452 ἵνα
1096 3413 1147 3464 τις
1175 3391 1252 3473 εἴπῃ
1289 3383 1479 3473 ,ἀπελθὼν

299 3491 406 3583 ᾔτησα
428 3492 508 3572 τοὺς
530 3492 668 3580 ἄνδρας,
691 3491 832 3580 μάλιστα
852 3493 889 3560 δὲ
907 3491 1007 3560 τόνδε
1025 3493 1080 3558 καὶ
1099 3491 1232 3558 τόνδεα.
1269 3490 1334 3559 ἀπὸ
1354 3496 1476 3560 κοινοῦ

300 3598 364 3688 γὰρ
392 3598 612 3668 συντάσσεται
640 3603 790 3668 ἐνταῦθα
816 3598 854 3668 τὸ
884 3598 1050 3688 ,ᾖτησα“.
1096 3601 1225 3666 Similia
1259 3605 1337 3666 sunt
1366 3603 1478 3688 verba,

300 3733 384 3796 quoe
407 3710 600 3774 librarius
624 3708 779 3794 quidam
807 3709 842 3773 in
869 3709 978 3774 codice
1001 3708 1162 3774 Vaticano
1192 3708 1311 3773 adiecit
1340 3709 1477 3794 Georgii

301 3815 416 3883 Choer.
447 3817 717 3882 commentationi
754 3816 795 3880 de
824 3815 929 3901 tropis
960 3838 1010 3900 cp.
1025 3815 1130 3880 Walz.
1146 3839 1178 3900 p.
1199 3816 1263 3880 819
1290 3811 1343 3901 (cf.
1359 3840 1391 3901 p.
1411 3817 1477 3882 818

288 3921 402 4016 rann),
426 3922 577 4009 Spengel.
592 3923 644 3988 ΙΠ
662 3947 693 4008 p.
708 3922 787 4007 256,
803 3924 859 3986 10:
882 3917 947 3986 ἀπὸ
970 3923 1090 3986 κοινοῦ
1113 3921 1182 3986 ἐστι
1200 3920 1287 3999 λέξις
1304 3917 1390 4001 ἅπαξ
1414 3919 1478 4008 μὲν

301 4031 481 4116 λεγομένη,
514 4027 570 4094 καὶ
605 4028 733 4104 ἔξωθεν
765 4027 1019 4114 λαμβανομένη,
1052 4020 1127 4093 οἷον
1159 4024 1346 4114 ,ἀπελθὼν
1375 4025 1478 4114 ᾔτησε

300 4133 380 4215 τοὺς
414 4133 560 4222 ἄνδρας,
596 4133 739 4221 μάλιστα
778 4132 816 4201 δὲ
848 4136 1046 4220 Χαρίδημον
1082 4133 1137 4200 καὶ
1159 4130 1384 4220 Ἵππαρχον“·
1422 4136 1479 4203 καὶ

301 4239 447 4331 “Oeneos

746 4330 916 4417 ,ἐλίσσετο
939 4327 1067 4408 πάντας
1085 4327 1251 4416 Ἀχαίοος,

514 4436 664 4524 Ἀτρείδα
688 4435 726 4503 tlt
748 4435 922 4522 μάλιστα“.
