3242 5284
597 483 817 550 ,29-

215 643 333 712 Germ.
357 647 401 711 de
423 646 537 733 figur.
558 668 588 711 v.
609 646 797 712 llb—ll'l
817 667 867 732 ap.
887 645 995 711 Halm.
1013 670 1044 731 p.
1065 645 1120 711 70:

128 755 285 831 ἔλλειψις·
297 753 378 838 „Fu
399 754 522 834 desectio
544 771 613 816 oum
636 753 767 832 οετόατα,
790 755 872 834 qaod
891 751 1035 818 noraha
1054 750 1177 836 prate“‚

296 859 416 945 „Defit
438 859 562 944 „Curat
583 860 666 924 enim
688 880 775 924 nemo
797 879 851 926 πει
873 861 1000 943 corripit
1020 859 1101 925 lonc
1122 855 1222 942 rem“‚

196 997 201 1006 ·
296 965 380 1052 „Sed
392 963 527 1049 eatrat.“
551 965 668 1049 Quippe
681 965 730 1030 aa
740 963 1162 1051 ‚-,qa1tsquam“auttraama’
1174 961 1294 1047 ρνοίε.“

128 1073 163 1140 of.
175 1079 345 1160 praeterea
365 1073 474 1139 ineert.
490 1075 609 1138 auotor.
625 1071 663 1138 de
683 1071 836 1138 schemat.
852 1073 1004 1138 dianoeas
1024 1095 1074 1157 ap.
1090 1071 1188 1136 Halm
1206 1095 1235 1156 p.
1243 1069 1292 1136 75.

212 1179 371 1246 Similiter
398 1181 549 1266 ellipseps
581 1178 647 1245 vim
679 1178 837 1266 neglectis
872 1179 1004 1264 linguae
1035 1178 1177 1266 legibus,
1210 1199 1293 1263 quae

126 1288 291 1353 hominum
305 1287 531 1372 intellegentia
544 1308 582 1351 ao
600 1287 831 1352 consuetudine
849 1287 897 1352 ita
916 1285 1233 1370 circumscribuntur,
1256 1287 1293 1350 ut

128 1395 208 1459 absit
229 1415 384 1480 perversa
406 1394 544 1459 elocutio
569 1393 744 1479 ineptaque
766 1393 956 1479 obscuritate,
980 1393 1077 1458 aeteri
1094 1392 1161 1458 fere
1181 1414 1292 1458 omnes

128 1507 265 1568 veterum
295 1501 442 1568 rhetores
472 1501 644 1586 definiunt,
673 1501 736 1566 nisi
766 1501 850 1566 forte
890 1500 975 1586 quod
1005 1500 1060 1564 vix
1090 1499 1290 1564 laudaverim

129 1609 226 1674 verbis
249 1609 330 1694 illis,
354 1629 435 1694 quae
460 1607 571 1674 addita
594 1613 670 1673 sunt
693 1607 734 1672 ab
759 1607 878 1692 Aquila
900 1605 1061 1673 Romano:
1084 1607 1159 1686 qaia
1176 1607 1291 1671 intelle-

130 1717 256 1802 petatur,
288 1717 323 1780 id
344 1717 510 1780 detractam
537 1721 594 1800 est,
624 1715 801 1800 significari
831 1715 943 1780 iubeas
980 1714 1112 1799 ellipsin
1145 1713 1218 1778 sola
1254 1735 1293 1778 ea

136 1823 310 1889 oondieione
337 1823 407 1888 fieri
435 1844 544 1908 posse,
576 1823 604 1886 si
636 1823 669 1886 id
698 1823 783 1906 quod
813 1821 1005 1888 detrahatur
1037 1821 1153 1887 ceteris
1185 1821 1292 1886 verbis

136 1927 202 1993 satis
223 1929 386 1996 indicetur
409 1930 670 2017 intellegendum.

208 2036 392 2103 Tiberius
416 2059 466 2121 ap.
486 2035 587 2102 Wala.
607 2061 637 2122 p.
656 2036 731 2120 570,
755 2031 904 2122 Spengel.
927 2036 978 2101 Ill
997 2059 1027 2122 p.
1048 2038 1100 2122 78,
1118 2037 1174 2101 32:

198 2138 372 2221 Ἕλλειψις
396 2142 435 2209 δέ
463 2142 553 2209 ἐστιν
583 2137 664 2208 ὅταν
690 2136 708 2207 ὁ
737 2140 844 2225 λέγων
870 2141 1002 2229 ἐλλείπῃ
1027 2140 1117 2220 λέξιν
1148 2137 1191 2226 ἣν
1216 2136 1289 2224 παρ’

129 2242 223 2314 αὑτοῦ
261 2251 330 2316 ἔδει
364 2256 562 2333 προςθεϊναι
597 2251 643 2339 τῷ
681 2245 842 2333 νοήματι,
881 2240 955 2314 οἷον
997 2247 1132 2335 ,θέαμα
1175 2242 1291 2313 δεινόν

127 2353 176 2420 καὶ
205 2354 392 2423 έλεεινόν“·
423 2356 563 2422 ἐλλείπει
595 2352 658 2440 γὰρ
682 2351 719 2422 τὸ
743 2354 870 2442 ,,έστί“.
916 2351 1047 2420 κάκεῖνο
1072 2351 1109 2420 tt
1133 2355 1291 2434 ἔλλειψις·

127 2465 279 2548 ,πρῶτον
302 2460 372 2549 μὲν,
396 2453 622 2549 ἀἉθηναῐοι,
644 2475 714 2540 τοῖς
736 2469 831 2540 θεοῖς
855 2458 992 2547 εὔχομαι
1026 2463 1105 2527 πᾶσι
1144 2459 1199 2526 καὶ
1231 2456 1291 2526 πά-

127 2569 232 2647 σαις“·
281 2570 422 2637 ἐλλείπει
452 2566 515 2654 γὰρ
553 2581 648 2656 ,ταῖς
680 2568 809 2647 θεαῑς“.
850 2567 904 2634 καὶ
930 2566 1050 2636 πόλιν·
1089 2563 1219 2655 ,ὥσπερ
1248 2564 1291 2634 ἀν

126 2701 171 2753 τις
201 2672 315 2760 ιάτρὸς
350 2672 535 2744 ἀσθενοῦσι
570 2674 632 2761 μὲν
665 2689 735 2755 τοῖς
763 2674 952 2762 κάμνουσιν
982 2672 1096 2741 εἰσιὼν
1125 2671 1169 2761 μὴ
1200 2674 1292 2760 λέγοι

127 2780 204 2866 μηδὲ
233 2780 385 2849 δεικνύοι
413 2780 454 2849 δι’
480 2771 529 2848 ὧν
552 2779 799 2866 ἀποφεύξονται
833 2780 894 2868 τὴν
929 2779 1052 2865 νόσον,
1082 2779 1218 2848 ἐπειδὰν
1255 2779 1292 2848 δέ

126 2887 330 2975 τελευτήσειέ
356 2915 405 2968 τις
435 2884 548 2956 αὐτῶν
576 2887 632 2954 καὶ
662 2885 701 2955 τά
725 2886 926 2976 νομιζόμενα
956 2889 1001 2955 ἐνί
1031 2884 1121 2977 αὐτῷ
1145 2889 1292 2976 φέροιτο,

126 2989 323 3064 ἀκολουθῶν
347 2995 398 3062 ἐπὶ
422 2991 459 3062 τὸ
484 2997 597 3082 μνῆμα
621 2995 752 3079 διεξίοι,
781 2993 869 3063 εἰτὸ
898 2995 954 3062 καὶ
983 2992 1020 3061 τὸ
1049 2995 1203 3080 ἐποίησεν
1234 2991 1291 3061 ἀν-

126 3110 274 3187 θρωπος,
299 3099 359 3170 οὐκ
378 3098 421 3170 ἀν
444 3100 623 3169 ἀπέθανεν.
661 3103 872 3189 ἐμβρόντητε,
895 3099 964 3169 εἶτα
987 3104 1052 3169 νῦν
1071 3101 1214 3189 leyen&
1236 3101 1292 3167 καὶ

124 3207 221 3277 πόλιν
251 3206 370 3297 ,εἶπον
398 3213 518 3276 τοίνυν
547 3204 592 3287 ὡς
619 3206 680 3294 μέν
703 3206 922 3295 ὑπαρχόντων
953 3213 1110 3295 Θηβαίων
1138 3212 1291 3298 Φιλίππῳ

126 3320 197 3383 λίαν
215 3315 485 3402 θορυβουμένων
493 3315 522 3350 “·
547 3315 685 3382 ἐλλείπει
709 3313 772 3401 γὰρ
791 3313 828 3383 τὸ
848 3321 981 3405 ,φίλων
1000 3315 1062 3408 καὶ,
1075 3313 1291 3402 σνμμάχωνιι.

125 3419 286 3512 (exempla
315 3429 448 3511 sumpta
484 3429 560 3490 sunt
592 3447 609 3489 e
642 3424 851 3490 Demosthen.
886 3430 968 3491 orat.
1005 3425 1044 3491 de
1080 3425 1166 3490 falsa
1191 3424 1283 3508 legat

125 3553 153 3615 p.
170 3533 245 3619 361,
266 3534 306 3598 19
325 3532 374 3598 ed.
393 3532 443 3617 R.;
466 3532 505 3597 de
529 3553 592 3598 eor.
615 3531 695 3616 init,
717 3555 748 3616 p.
767 3533 841 3617 307,
860 3533 911 3616 28,
929 3556 960 3617 p.
975 3533 1050 3615 236,
1068 3529 1111 3618 8.)
1135 3567 1179 3578 -
1203 3531 1290 3596 Ano·

125 3641 209 3723 nymi
249 3639 372 3724 verbis,
409 3661 490 3724 quae
523 3638 677 3724 leguntur
709 3637 793 3724 apud
816 3637 920 3704 Walz.
934 3637 1018 3704 VIII
1040 3662 1071 3723 p.
1091 3638 1292 3723 663-666,

126 3742 270 3834 Spengel.
286 3747 336 3812 ΙΙΙ
354 3771 384 3832 p.
397 3746 460 3811 155
471 3746 583 3831 -ψ157,
603 3745 676 3810 ideo
685 3745 894 3830 ¹aliquantum
909 3744 1118 3810 tribuendum
1133 3749 1193 3830 est,
1215 3745 1291 3829 quia

126 3851 273 3919 doeemur
318 3852 558 3937 Hermogenem
594 3852 723 3937 ellipsin
758 3853 923 3918 rettulisse
963 3851 1003 3916 ad
1043 3851 1291 3936 grammaticam

125 3955 212 4024 illam
232 3960 456 4044 defectionem,
475 3981 571 4044 quam
590 3959 675 4024 inter
692 3964 805 4044 tropos
825 3957 1055 4044 grammaticos
1074 3980 1095 4022 a
1107 3957 1292 4045 Tryphone,

125 4063 258 4151 Zonaeo,
278 4066 437 4151 Gregorio
457 4063 637 4151 Corinthio²
661 4066 800 4152 Georgio
821 4064 1056 4148 ChoeroboseO,
1079 4064 1196 4149 quibus
1216 4065 1291 4130 addi

26 4193 27 4198 ¹
125 4175 231 4255 potest
245 4173 344 4239 etiam
360 4171 557 4239 Cocondrios
572 4171 791 4258 apWalnlll
806 4195 836 4256 p.
853 4173 926 4257 796,
945 4170 1094 4258 Spengel.
1106 4171 1156 4236 Ill
1171 4195 1201 4256 p.
1217 4173 1291 4258 242,

124 4277 268 4346 habitam
292 4302 363 4346 esse
394 4303 492 4364 supra
521 4279 587 4344 iam
620 4279 768 4344 vidimus.
820 4277 1025 4344 Cocondrii
1065 4277 1164 4342 verba
1201 4282 1291 4344 sunt:

126 4387 265 4466 ἔλλειψίς
288 4386 357 4452 ἐστι
380 4382 503 4471 φράσις
532 4384 623 4470 μέρει
654 4381 758 4468 λόγου
783 4382 849 4449 τινὶ
873 4383 1068 4450 έλλείπονσα
1096 4381 1291 4470 (sequuntur

36 4499 45 4510 “
126 4495 277 4580 exempla,
302 4493 419 4578 quibus
443 4491 585 4558 defectus
608 4491 888 4577 praepositionum
910 4488 1090 4578 probatur).
1128 4491 1184 4568 Ex,
1202 4515 1291 4557 ano-
