3242 5284
766 473 986 536 ..66-

292 637 404 701 endere
421 635 524 699 weiter
541 631 748 713 ausfttrend:
767 653 851 716 ,steca
868 636 995 696 mortem
1012 633 1049 696 ia
1061 631 1157 696 tedas
1171 629 1343 695 mosea!
1361 629 1469 715 („uad

285 745 325 826 jo
351 743 436 807 sidat
461 743 519 806 dea
551 741 618 804 rod
642 741 678 804 ta
704 740 861 805 dasena
875 737 1208 823 (Metbselrpbeiteass‘),
1233 735 1310 802 noda
1336 739 1467 802 undere:

291 852 412 935 ,fineen
436 854 501 914 tom
523 849 669 913 eaereitm
690 846 866 911 militiae!“
888 849 1000 912 wieder
1021 847 1150 910 aedae:
1172 865 1292 929 „oeque
1309 844 1359 926 (π-
1376 847 1470 928 „mm

291 959 344 1022 oie
360 959 427 1022 aad
443 958 577 1020 aimmer
594 953 778 1039 mehr“[?])
795 957 916 1038 inopem
939 955 1072 1037 requiem
1079 951 1117 1012 “l
1154 951 1320 1018 Nemees
1337 953 1393 1016 aar
1413 954 1469 1017 der

292 1065 466 1130 Dat-serre
496 1062 608 1128 scates
640 1061 897 1126 Dorcheinouder
927 1063 961 1126 io
993 1063 1059 1126 cirre
1090 1059 1217 1142 epacte
1247 1057 1397 1142 &decep
1428 1079 1468 1124 au·

293 1173 429 1255 brinpca,
451 1171 519 1235 aad
540 1171 598 1234 mit
623 1169 747 1234 weldrer
763 1169 872 1234 Kaast
891 1169 1015 1233 Tacitus
1037 1169 1101 1232 dies
1122 1166 1327 1232 vmstanden“
1349 1171 1384 1232 et
1397 1190 1428 1252 q.
1442 1189 1467 1231 s.

384 1294 449 1360 Suo
468 1294 538 1359 iure
557 1294 621 1357 iam
641 1291 797 1358 Heinsius
820 1294 927 1359 locum
946 1297 1094 1358 nostrum
1113 1293 1310 1376 mutilatum,
1333 1291 1467 1356 Ernesti

293 1403 448 1467 vitiosum
486 1403 693 1465 vocaverunt.
753 1400 887 1466 Ernesti
923 1399 1050 1465 censuit
1086 1403 1142 1464 aut
1183 1399 1357 1485 legendum
1393 1420 1467 1462 neu

294 1512 537 1575 morerentur
561 1511 618 1571 aut
642 1507 824 1572 addendum
854 1488 1008 1572 obirent
1036 1511 1093 1571 aut
1120 1529 1191 1572 neu
1215 1507 1407 1571 mutandum
1432 1505 1468 1570 in

292 1638 425 1701 neque.
470 1614 658 1699 Nipperdey
683 1613 836 1679 obirent
859 1614 1003 1699 suppleri
1033 1613 1068 1678 in
1091 1617 1184 1678 textu
1212 1613 1303 1678 iubet
1335 1617 1466 1678 secutus

292 1722 492 1805 Ernestium,
516 1721 592 1806 quia
615 1721 693 1785 talis
718 1720 852 1785 omissio
876 1721 999 1785 iustum
1023 1720 1154 1785 modum
1179 1721 1320 1786 excedat.
1357 1719 1469 1805 Recte,

293 1835 331 1895 ut
353 1829 435 1894 mihi
457 1828 600 1913 videtur3
644 1849 720 1892 nam
756 1832 794 1891 ut
822 1827 1014 1912 ambiguum
1042 1831 1107 1912 est,
1134 1827 1211 1912 quid
1240 1828 1284 1892 sit
1312 1827 1466 1912 supplen-

293 1936 380 2020 dum,
399 1935 447 1999 ita
460 1956 564 2019 neque
582 1938 743 2018 pararet
756 1957 860 2019 neque
880 1936 938 2000 sin
947 1931 1029 2000 eret
1042 1935 1162 1999 bonum
1177 1935 1313 2019 praebet
1325 1955 1466 2000 sensum.

292 2042 487 2128 Intellegere
511 2046 620 2106 autem
645 2063 683 2106 se
707 2043 882 2107 invenire
902 2042 1048 2107 sineret
1065 2064 1129 2106 non
1150 2041 1235 2127 licet,
1259 2041 1335 2127 quia
1354 2041 1467 2107 durius

293 2153 438 2214 mutatur
469 2148 606 2213 subiecti
635 2149 776 2214 nominis
808 2170 946 2233 persona
975 2149 1009 2212 in
1044 2149 1190 2214 oratione
1218 2149 1361 2234 elliptice
1392 2171 1468 2213 con-

293 2255 443 2340 formata,
466 2277 564 2340 quam
583 2259 621 2320 ut
638 2255 715 2320 ferri
734 2256 849 2340 possit.
894 2255 1046 2320 Pfitzneri
1064 2255 1327 2341 interpretationi
1346 2255 1469 2342 obstat,

294 2363 389 2448 quod,
413 2383 485 2427 cum
507 2362 682 2427 accusativi
705 2362 822 2427 finem
846 2362 1016 2447 requiem
1041 2364 1111 2428 sine
1129 2363 1226 2428 dubio
1245 2363 1408 2449 pendeant
1428 2385 1467 2427 ex

293 2470 394 2535 verbo
425 2455 602 2554 orabant,
636 2491 674 2534 ea
707 2491 789 2554 quae
820 2471 1016 2535 antecedunt
1048 2469 1089 2535 ad
1122 2475 1210 2555 ipsas
1237 2475 1467 2536 veteranorum

293 2575 546 2641 exclamationes
566 2576 679 2640 referri
697 2598 763 2641 non
777 2581 924 2660 possunt.
961 2577 1079 2643 Utrum
1099 2582 1208 2643 autem
1223 2578 1295 2643 cunt
1310 2577 1468 2642 Ernestio

293 2681 426 2748 verbum
465 2682 623 2748 obirent
659 2683 694 2748 in
728 2687 853 2748 textum
891 2685 1111 2769 recipiendum
1148 2709 1188 2750 an
1225 2707 1297 2749 cum
1334 2683 1469 2749 Rittero

294 2773 410 2876 (1864)
429 2791 545 2854 lacuna
563 2795 639 2874 post
657 2812 769 2855 vocem
788 2790 990 2855 laboribus
1009 2791 1182 2857 indicanda
1201 2792 1253 2877 sit,
1272 2791 1326 2856 vix
1347 2792 1468 2856 diiudi-

294 2897 359 2962 cari
384 2900 502 2981 potest.

845 3148 919 3228 §d

349 3283 545 3372 Quaeritur
570 3305 640 3368 qna
667 3288 810 3354 ratione
834 3288 980 3356 Tacitus
1004 3290 1204 3358 orationem
1228 3289 1414 3372 obliquam

486 3393 696 3476 pendentem
720 3394 853 3462 feeerit
874 3412 921 3462 ex
943 3396 1091 3464 notione
1114 3398 1268 3478 regenti.

383 3518 503 3584 Parum
529 3544 549 3585 a
570 3521 649 3586 viris
674 3520 778 3586 doctis
808 3521 938 3586 ineam
968 3517 1200 3606 quaestionem
1221 3524 1343 3608 inquiri
1372 3527 1470 3612 solet,

296 3648 360 3710 qua
390 3627 517 3692 ratione
548 3628 722 3713 scriptores
751 3626 891 3692 Romani
920 3630 1104 3715 notionem,
1143 3653 1180 3696 ex
1218 3653 1283 3715 qua
1312 3632 1470 3716 penderet
1544 3705 1548 3711 ,

296 3732 401 3826 oratio
426 3734 571 3820 obliqua,
595 3757 714 3820 ponere
738 3735 908 3801 debuerint
930 3737 982 3801 vel
1006 3737 1157 3802 omittere
1180 3740 1355 3822 potuerint.
1397 3737 1467 3804 Nu-

297 3839 437 3922 p'errime
460 3839 595 3908 Kiihner
616 3843 775 3908 nonnulla
801 3844 973 3928 proposuit
995 3844 1059 3909 vol.
1072 3843 1106 3910 H
1121 3845 1141 3907 2
1156 3869 1186 3929 p.
1202 3845 1288 3910 1025
1303 3867 1383 3931 seq,
1410 3849 1470 3912 sed

296 3967 336 4009 ea
358 3969 424 4012 non
454 3947 634 4034 sufficiunt3
663 3949 726 4014 hac
754 3951 841 4014 enim
871 3951 910 4014 de
940 3973 974 4016 re
1004 3955 1076 4016 tum
1103 3951 1233 4016 demum
1264 3957 1387 4017 certum
1417 3954 1468 4018 iu·

298 4051 418 4117 dicium
442 4055 512 4120 fieri
541 4056 675 4140 poterit,
703 4077 775 4120 cum
804 4057 1006 4143 singulorum
1037 4060 1205 4122 auctorum
1233 4079 1312 4123 usus
1340 4082 1469 4125 accura-

297 4158 425 4223 tissime
459 4161 605 4247 dcpiotus
642 4163 714 4228 erit.
759 4163 808 4228 De
837 4162 943 4229 Taciti
978 4164 1110 4250 propria
1141 4166 1371 4232 consuetudine
1399 4167 1469 4233 fere

296 4266 381 4329 nihil
405 4267 562 4352 scriptum
587 4274 646 4354 est,
667 4269 733 4334 nisi
756 4270 841 4354 quod
860 4269 1048 4356 Nipperdey
1072 4272 1257 4338 observavit
1275 4275 1316 4338 ed
1331 4273 1392 4340 An.
1405 4274 1422 4339 Ι
1436 4275 1469 4360 9,

296 4373 431 4437 verbum
455 4395 572 4459 regens
596 4376 705 4440 omitti
724 4399 819 4461 posse
843 4382 900 4443 aut
922 4378 1020 4463 sies,
1044 4401 1127 4463 quae
1142 4385 1362 4467 sequerentur,
1385 4382 1470 4447 satis

296 4477 478 4544 indicarent
492 4483 547 4565 agi
562 4482 601 4547 de
624 4483 770 4548 oratione
783 4507 942 4568 personae
965 4489 1062 4550 antea
1084 4486 1150 4551 ianr
1174 4492 1385 4573 memoratae,
1410 4495 1472 4556 aut
