3242 5284
623 509 842 573 ..ῃη--

143 666 322 751 outonem,
359 686 454 745 quom
494 670 656 734 necessitas
682 670 820 752 postulet
857 666 909 755 (el.
938 667 1092 757 Charis),
1128 677 1164 736 ut
1203 691 1317 756 „quem

144 772 203 836 tibi
240 773 305 838 ιάαι
345 771 465 839 Troio“
487 771 540 861 (cf.
560 775 657 860 Verg.
675 774 756 841 Aen.
774 775 824 841 Ill
848 773 942 863 340):
976 777 1077 842 dedit
1109 783 1165 842 out
1197 779 1319 862 aliquid

143 880 209 944 talc
229 881 422 947 subauditur.
441 918 484 930 —
504 881 567 948 Sed
590 882 670 948 haec
693 883 857 949 haetenus.
903 883 933 948 A
955 884 1155 970 rhetoribus,
1179 907 1315 970 quorum

143 990 218 1050 erat
241 987 443 1053 considerare
465 994 616 1055 naturam
640 1013 677 1056 ae
699 991 764 1055 vim
790 991 945 1076 cuiusque
974 992 1112 1078 figurae,
1140 991 1246 1076 qualis
1275 992 1317 1056 ad

143 1092 329 1160 orationem
361 1097 538 1162 ornandam
572 1098 800 1184 adhibebatur,
836 1098 916 1163 haec
948 1098 987 1163 de
1019 1099 1127 1183 figura
1163 1099 1315 1184 ellipseos

143 1206 321 1286 praecepta
344 1201 421 1267 data
444 1208 534 1270 sunt:
815 1193 821 1208 ⁶

236 1307 454 1374 Alexander
489 1310 671 1376 Numenii
710 1335 760 1397 ap.
787 1309 890 1377 Walz.
916 1337 946 1397 p.
972 1312 1052 1398 470,
1088 1311 1238 1400 Spengel.
1264 1312 1315 1378 ΙΙΙ

145 1437 175 1498 p.
195 1416 249 1500 33,
272 1416 293 1480 6
318 1413 438 1502 (locum
462 1415 675 1503 corruptum*
694 1419 882 1484 exhibemus
906 1441 945 1483 ex
963 1418 1103 1484 Aldinae
1127 1417 1317 1507 scriptura):
1402 1419 1404 1423 ’

137 1515 308 1600 ”Etleuam
335 1521 375 1588 δέ
399 1527 540 1610 γίνεται,
570 1519 652 1592 ὅταν
680 1520 827 1610 ὀνόματα
859 1521 965 1591 πολλὰ
995 1524 1222 1610 περιῃρημένα
1253 1521 1315 1612 χρὴ

150 1735 277 1790 modoad
288 1733 412 1806 ἔλλειψιν
422 1737 506 1791 modo
520 1737 556 1791 ad
567 1736 695 1806 ἔκλειψιν
703 1737 879 1793 rettulerunt.
902 1738 1038 1807 Anonym.
1049 1753 1095 1808 ap.
1109 1737 1288 1808 Halmptl's,
1302 1743 1314 1792 1

155 1822 271 1894 ἔκλειψις
284 1824 304 1881 i.
320 1841 344 1883 e.
354 1827 484 1894 descura
496 1825 600 1896 Aquila
613 1826 702 1883 Rom.
718 1825 755 1881 ib.
770 1845 797 1896 p.
813 1833 865 1883 376
877 1825 999 1897 ἔλλειψις
1012 1826 1030 1883 i.
1045 1843 1069 1884 a.
1079 1827 1221 1894 uacum
1231 1843 1315 1883 earm.

155 1913 188 1968 de
200 1914 275 1984 figur.
289 1915 376 1985 (quod
395 1915 521 1984 sequitur
534 1915 723 1970 Alexandrum
737 1915 867 1986 Numen.)
881 1915 918 1971 ib.
933 1936 961 1987 p.
977 1923 1019 1984 to,
1036 1923 1098 1972 1⁷5:
1119 1915 1241 1984 ἔλλειψις
1258 1915 1276 1972 i.
1291 1933 1315 1971 a.

150 2003 272 2072 Μεινίῳ
281 2003 437 2058 Martianus
445 2003 511 2076 Gap.
519 2003 567 2074 qui
580 2004 639 2059 fere
654 2005 690 2059 ad
701 2006 816 2060 verbnm
825 2003 957 2076 Aquilam
971 2004 1126 2076 exscripsit
1141 2004 1179 2062 ib.
1189 2024 1216 2075 p.
1227 2011 1288 2074 483,
1300 2012 1315 2060 5

147 2093 258 2148 secund.
279 2094 361 2149 codd.
380 2095 497 2164 eclipsis,
515 2093 533 2150 i.
550 2111 572 2150 e.
588 2095 727 2150 detractio,
756 2093 946 2160 Quintilianus
960 2094 972 2147 I
988 2101 1012 2163 ὅ,
1028 2100 1062 2151 40
1080 2094 1194 2150 notione
1213 2093 1316 2165 ellipsis

145 2182 191 2253 (ef.
207 2183 268 2240 eod.
284 2185 328 2254 A.)
346 2182 447 2238 vitium
465 2181 656 2253 detractionis,
675 2199 747 2252 quae
766 2181 891 2254 pertinet
908 2185 945 2238 ad
959 2183 1155 2239 soloecismum
1170 2182 1215 2254 (ei
1231 2199 1316 2254 supra

144 2289 171 2342 p.
186 2279 223 2327 24
237 2276 320 2343 serp),
346 2271 495 2344 significat
521 2271 661 2342 itemque,
686 2275 718 2326 ut
742 2271 864 2341 videtur,
889 2289 923 2328 ex
948 2273 1077 2329 oodionm
1094 2273 1151 2328 Aa
1176 2271 1316 2342 scriptura

144 2363 249 2433 etlapsis
267 2362 372 2433 (MSaz
398 2364 514 2433 eclipsis)
535 2360 768 2430 synecdochioam
792 2361 872 2416 illam
897 2363 1030 2433 figuram,
1056 2380 1112 2432 qua
1136 2362 1254 2418 verbnm
1280 2377 1315 2417 ex

144 2451 240 2507 verbis
265 2451 442 2524 intellegitur
464 2451 510 2522 (ef.
530 2450 604 2506 infra
621 2469 648 2520 p.
671 2457 705 2508 80
726 2454 796 2522 seq.)
815 2483 848 2492 -
868 2451 949 2518 Quod
975 2451 1105 2508 Schmidt
1129 2467 1180 2506 nos
1205 2450 1315 2521 relegat

143 2541 266 2597 maxime
285 2542 322 2596 ad
340 2541 470 2596 codicum
488 2539 668 2611 seriptmam‚
687 2540 836 2595 dicendum
853 2545 896 2596 est
910 2559 1006 2597 eorum
1025 2539 1224 2597 auctoritatem
1242 2539 1314 2594 nihil

142 2630 237 2686 valere
256 2631 293 2685 ad
311 2632 385 2687 hano
403 2648 463 2687 rem
482 2628 706 2697 diiudicandum
725 2647 791 2684 nam
808 2629 984 2701 ineptissime
1003 2630 1077 2698 inter
1091 2647 1120 2685 se
1136 2628 1314 2685 dissentiunt.

144 2719 319 2791 Scripturam
337 2719 439 2791 cltiprsis
454 2720 588 2790 (suiipsis)
608 2719 746 2790 praebent
760 2718 840 2776 codd.
856 2717 975 2774 Charisii
990 2719 1073 2790 (Keil.
1089 2721 1174 2789 12⁷1,
1194 2723 1229 2790 4),
1248 2718 1313 2774 Dio-

143 2807 234 2864 medis
254 2807 303 2878 (ib.
318 2809 407 2878 Iseo,
432 2813 489 2880 19);
518 2810 625 2879 eclipsis
651 2808 757 2864 Donati
784 2809 833 2879 (ib.
853 2809 891 2864 IV
910 2816 970 2877 395,
991 2813 1048 2880 11);
1076 2811 1223 2879 utramque
1250 2825 1313 2879 pro·

143 2897 251 2953 miserm
278 2899 358 2955 codd.
388 2897 532 2954 Prisciani.
569 2898 725 2954 Rhetorum
753 2898 922 2954 Graecorum
947 2899 1042 2954 codd:
1071 2897 1193 2969 ἔλλειψις
1217 2915 1313 2954 omnes

143 2975 256 3058 praeter
273 2987 489 3044 Phoebammon.
503 3005 548 3058 ap.
563 2987 653 3044 Wale.
671 3007 699 3058 p.
720 2994 780 3057 505,
797 2988 928 3059 Spengel.
947 2989 987 3042 111
1006 2995 1049 3058 50,
1070 2994 1116 3044 10:
1137 2987 1269 3058 ἔκλειψις.
1280 3021 1313 3030 -

144 3077 199 3134 Sed
216 3079 287 3133 haec
306 3076 458 3132 sufficiant!

232 3183 419 3240 *Alexandri
438 3183 552 3239 libellus
571 3183 746 3256 pravissimis
765 3183 910 3240 codicibus
929 3183 1077 3240 exhibetur
1092 3185 1235 3256 (etwalz.
1247 3187 1314 3241 VIII

143 3293 169 3344 p.
185 3279 237 3330 415
249 3291 315 3342 seq„
335 3271 720 3345 Spengel.111p.1vpiaef.).
748 3273 836 3330 Locus
855 3278 951 3330 noster
970 3276 1117 3345 corruptus
1135 3275 1236 3331 nititur
1251 3277 1312 3332 cod.

100 3413 101 3418 ,
144 3363 355 3418 Vindobonensi
373 3363 437 3432 LX,
457 3362 585 3418 Parisino
600 3363 612 3416 I
627 3366 732 3435 (1141),
752 3362 879 3420 Parisino
895 3364 922 3416 II
935 3366 1029 3435 (2087)
1048 3363 1195 3434 qui,·cum
1209 3365 1312 3436 figuras

142 3451 226 3506 aliter
244 3450 396 3523 dispositas
414 3453 560 3524 magisque
579 3455 737 3508 contractas
756 3454 868 3522 habeat,
887 3471 944 3509 non
962 3453 1017 3508 nisi
1031 3453 1061 3508 in
1074 3454 1313 3525 comparationem

142 3541 276 3597 advomri
306 3546 414 3612 potest3
451 3545 598 3614 praeterea
630 3541 769 3598 editiones
798 3542 865 3598 Aldi
892 3545 922 3598 et
949 3541 1105 3598 Normanni
1137 3544 1312 3613 aliquantum

142 3633 262 3690 subsidii
289 3634 433 3702 praebent.
480 3632 541 3698 Qua
567 3636 634 3688 sunt
659 3632 815 3703 pravitate,
847 3633 878 3687 hi
905 3633 1058 3688 Alexandri
1085 3633 1218 3689 Numenii
1245 3634 1311 3688 doe·
1356 3625 1359 3632 ’

71 3720 75 3727 ’
142 3726 232 3781 trinae
251 3723 333 3795 quasi
350 3722 442 3778 fontes
460 3721 508 3777 xix
526 3725 632 3778 certam
651 3723 875 3779 emendationem
892 3723 949 3778 lesi
972 3722 1060 3778 nostri
1078 3722 1139 3777 fieri
1159 3722 1310 3793 patiuntur.

142 3815 280 3886 Exempla
297 3813 334 3868 ab
352 3814 466 3867 auctore
485 3811 616 3883 apposita
641 3828 674 3867 eo
700 3811 775 3867 inter
798 3829 827 3868 se
853 3811 1001 3880 diffamat,
1027 3811 1104 3881 quod
1128 3812 1248 3866 alterum
1275 3813 1311 3867 ad

142 3901 329 3975 complurium
346 3918 459 3970 vocum,
478 3901 598 3956 altemm
616 3901 653 3956 ad
675 3900 757 3955 unius
781 3903 892 3972 spectat
915 3900 1106 3967 omissionem
1129 3917 1244 3956 necesse
1266 3901 1310 3957 his

142 3991 278 4064 exemplis
296 3989 499 4062 respondeatur
518 3988 658 4059 definitio,
677 3990 719 4045 ita
737 3989 851 4060 quidem
869 3993 902 4046 ut
919 3991 1010 4046 altera
1032 4006 1097 4060 pars
1117 3990 1310 4060 complurium,

142 4081 232 4136 altera
255 4079 338 4134 unius
364 4079 442 4136 vocis
469 4079 577 4150 ellipsis
603 4079 855 4138 circumscribatur.
893 4079 1079 4146 Quamobrem
1105 4082 1134 4135 et
1156 4079 1311 4136 Nomanni

142 4169 301 4225 emendatio
324 4163 395 4225 ὅταν
418 4164 546 4240 ὀνόματα
569 4167 658 4226 πολλὰ
684 4169 877 4244 περιῃρημένα
895 4165 947 4241 χρὴ
970 4165 1147 4240 ὑπακούειν,
1172 4170 1228 4224 τῶν
1246 4165 1310 4224 ὄνο-

143 4260 224 4330 μαοιὶ
247 4255 286 4331 μὴ
309 4257 460 4330 κειμένων·
488 4254 531 4316 ὅτι
555 4255 590 4330 δή
609 4281 636 4316 τι
654 4269 763 4316 νοεῖται
781 4259 867 4316 πλέον
884 4263 919 4330 vet
937 4257 1052 4313 Walxii:
1081 4253 1152 4314 ὅταν
1172 4254 1265 4330 ὄνομα
1284 4275 1311 4314 ιι

142 4349 348 4422 περιῃρημένον
366 4341 394 4423 ᾖ,
413 4344 547 4422 ὀνομαστὶ
566 4349 602 4424 μὴ
623 4353 754 4421 κείμενον
768 4349 883 4421 probari
896 4366 953 4404 non
965 4351 1091 4420 possunt.
1126 4347 1186 4404 Soli
1204 4350 1311 4404 rectam

142 4439 309 4494 emendandi
326 4437 403 4494 viam
424 4439 545 4510 ingressi
564 4441 628 4494 sunt
651 4441 792 4495 corrector
810 4437 915 4494 codicis
934 4437 1009 4507 Pan,
1033 4437 1082 4507 qui
1105 4455 1189 4508 supra
1206 4437 1310 4493 lineam

143 4528 293 4615 adscripsit
315 4521 420 4602 ὅτανῇ
445 4525 571 4600 ὀνόματα
595 4526 682 4586 πολλὰ
711 4528 904 4602 περιῃρημένα
926 4522 944 4601 ἢ
968 4529 1018 4584 uui
1043 4527 1078 4586 ἓν
1099 4524 1191 4604 ὄνομα
1217 4547 1245 4584 τι
1271 4525 1309 4604 μέ
