3242 5284
768 448 987 512 ,48-

293 616 328 674 nt
350 615 383 674 et
406 633 436 694 q.
452 632 477 674 s.
496 613 554 674 aut
577 609 676 674 dictio
690 608 974 694 praepositionalis
998 612 1035 671 ut
1058 607 1119 672 An.
1133 606 1181 673 IV
1196 608 1283 692 34‚9
1299 609 1352 672 secl
1368 625 1466 686 neque

293 717 364 781 laec
376 718 412 780 in
424 718 597 799 principem
611 721 668 780 aut
677 716 833 798 principis
841 719 1003 798 parentem
1017 737 1078 779 om.
1091 714 1185 799 dixi3
1200 751 1240 760 -
1253 713 1333 780 XVI
1346 716 1398 800 26,
1414 713 1465 798 1)ss

185 865 188 872 ·
293 830 400 889 eontra
414 826 469 904 qni
482 825 698 907 opperienrmm
711 823 817 887 doram
830 823 994 907 censebant,
1012 824 1048 886 de
1061 823 1127 904 ipsc
1144 820 1281 887 lbrasea
1299 824 1465 887 eadem.-

296 932 453 996 Dubitare
477 931 554 995 licet
569 931 607 995 de
628 931 710 1015 loco,
734 952 829 1014 quem
843 929 906 992 huc
924 929 1053 993 rettulit
1068 928 1223 1014 Heraeus,
1246 928 1361 994 Histl
1381 930 1465 1013 14‚2

294 1057 484 1117 quamquam
513 1037 594 1102 utun
622 1037 722 1102 adbuc
750 1038 786 1100 rle
821 1036 941 1101 Vitellio
969 1041 1083 1101 cenam
1107 1059 1168 1102 om.
1196 1038 1365 1101 relatum
1392 1041 1466 1132 est3

292 1145 324 1211 J.
347 1145 529 1229 Prammer,
559 1143 713 1208 Zeitschr.
742 1142 764 1206 f.
795 1147 908 1208 bsterr.
942 1142 1059 1226 Gymn.
1080 1144 1165 1208 1870
1178 1167 1209 1227 p.
1225 1144 1288 1208 186
1319 1143 1466 1228 suppleri

294 1253 399 1317 voluit
419 1256 519 1336 erat,
541 1256 655 1316 eertmn
677 1271 739 1316 esse
760 1272 825 1314 uno
849 1253 978 1314 tantum
1000 1249 1072 1316 loco
1096 1254 1222 1335 spectat
1245 1250 1286 1314 ad
1307 1251 1354 1336 id,
1374 1249 1466 1334 ‘quod

294 1363 382 1425 certo
418 1360 536 1444 scitur,
571 1379 631 1422 neo
668 1379 705 1422 eo
742 1357 872 1442 quidem
909 1378 982 1421 cum
1019 1357 1159 1422 dictione
1196 1357 1466 1443 praepositionali

294 1467 515 1552 coniungitur:
539 1464 580 1529 H.
594 1465 637 1530 II.
653 1465 710 1549 18,
742 1465 758 1529 1
784 1486 822 1529 s.:
847 1468 961 1528 eertrnn
991 1469 1058 1528 erat
1086 1461 1263 1546 Spurinnae
1336 1466 1465 1528 necdum

293 1576 409 1639 uenisse
431 1567 614 1649 Caecinam·
637 1575 804 1660 praeterea
826 1571 955 1655 saepius
978 1570 1130 1637 similiter
1152 1573 1286 1657 ponitur
1304 1571 1466 1657 significa-

294 1682 384 1746 tione
409 1679 571 1746 consilii
596 1683 730 1744 certus
757 1678 837 1744 fest
860 1677 1151 1744 entsohlosseu:
1169 1677 1465 1764 ef.An.1V.57‚3t4

296 1786 413 1852 Caesar
499 1792 597 1851 certas
627 1786 739 1869 procul
774 1785 847 1849 urbe
882 1786 998 1870 clepere,
1035 1787 1077 1851 al.
1114 1783 1162 1872 (of
1200 1787 1262 1851 lex.
1292 1785 1395 1851 Tacit.
1417 1786 1464 1851 ed.

294 1893 333 1958 Α.
359 1894 481 1959 Gerber
510 1899 543 1959 et
566 1893 604 1958 A.
629 1893 729 1958 Greef
738 1917 769 1978 p.
787 1892 873 1978 165).
919 1889 982 1956 Sed
1015 1915 1182 1978 nunquam
1213 1893 1296 1959 dixit
1330 1892 1464 1958 Tacitus

296 2006 445 2067 certum
469 2006 552 2066 erat
576 2001 628 2066 de.
673 2000 788 2084 Itaque
811 1999 931 2064 Heruei
956 2000 1205 2085 explicationem
1228 2005 1464 2087 anteponamus

294 2107 481 2173 Prammeri.

383 2217 423 2281 In
441 2216 592 2281 omnibus
612 2214 778 2300 exemplis,
801 2236 883 2299 quae
902 2215 998 2279 modo
1018 2215 1265 2301 adscripsimus,
1288 2215 1380 2300 sequi
1395 2237 1464 2281 ora·

294 2325 417 2389 tionem
442 2326 499 2388 aut
520 2326 643 2387 rectam
666 2327 724 2387 aut
742 2322 910 2407 obliquam
927 2323 1133 2388 enuntiatum
1151 2323 1331 2408 ellipticnm
1349 2327 1464 2387 notan·

296 2431 372 2496 dum
387 2435 447 2517 est,
461 2453 534 2496 cum
552 2453 589 2495 ea
608 2452 642 2495 re
662 2429 796 2494 omissio
810 2430 901 2496 verbi
917 2429 1046 2495 dicendi
1062 2429 1267 2514 aliquatenus
1286 2433 1465 2495 excusetur.

383 2536 419 2625 b)
442 2537 577 2603 verbum
601 2536 720 2621 agendi
742 2537 919 2602 omittitur:

384 2644 425 2710 H.
439 2645 455 2709 I
470 2645 523 2729 36,
543 2643 650 2727 tilis:
672 2661 752 2728 „nee
773 2645 876 2708 eleuat
898 2643 975 2710 Ollio
992 2645 1178 2727 protendens
1200 2665 1313 2711 manus
1334 2647 1466 2710 adnare

294 2755 432 2837 romam,
461 2753 560 2816 ianne
589 2752 743 2817 assumet
771 2752 878 2816 omnia
907 2750 1057 2816 serviliter
1072 2770 1134 2835 pro
1163 2751 1400 2817 dominatione“
1423 2773 1465 2818 sc.

296 2862 431 2926 facere.
467 2897 509 2906 —
546 2857 588 2923 H.
611 2857 661 2923 ΙΙΙ
692 2858 747 2943 63,
781 2859 830 2942 ssa
863 2859 996 2942 abrupta
1026 2859 1162 2942 aridique
1192 2879 1244 2942 spe
1281 2859 1466 2925 Vitellianas

296 2969 383 3033 miles
406 2968 596 3032 transituras
617 2965 653 3029 in
668 2970 785 3049 partes,
808 2967 899 3048 idque
924 2984 988 3029 non
1016 2967 1083 3031 nne
1105 2967 1208 3031 decue
1232 2963 1288 3052 (sc.
1307 2964 1465 3055 facturus)

295 3077 348 3139 sal
364 3075 419 3140 sub
437 3075 535 3158 amnis
552 3073 741 3157 vexillisque,
764 3074 800 3137 in
817 3073 963 3138 uniens
982 3073 1126 3152 Narniae
1144 3092 1267 3156 mnrpos
1285 3076 1466 3140 armeus

385 3180 512 3246 Dubius
536 3186 586 3245 est
615 3179 705 3245 locus
728 3179 790 3245 An.
804 3178 853 3244 IV
875 3181 932 3265 12,
965 3181 1003 3245 11
1030 3202 1096 3265 seq.
1116 3182 1213 3264 ipitur
1241 3183 1467 3248 contnnraciam

296 3291 362 3354 eins
375 3289 529 3372 insectari,
546 3292 630 3352 uetus
647 3287 807 3370 Auprrstae
825 3288 939 3372 ortium,
961 3293 1106 3352 recentem
1124 3289 1235 3353 liviae
1252 3291 1468 3354 emacientiam

296 3398 463 3479 ecapitare,
485 3400 522 3459 nt
541 3394 702 3477 superbam
719 3393 917 3478 fecundante,
943 3396 1109 3461 sirbnirmm
1130 3396 1336 3480 popularibus
1356 3397 1468 3461 madias

297 3504 419 3568 inliare
440 3501 646 3566 dominationi
667 3502 754 3583 apud
775 3500 937 3566 Caesarem
955 3508 1125 3586 arpnerent.
1162 3505 1264 3584 Atque
1284 3503 1357 3568 laec
1379 3504 1467 3568 calli-

296 3613 345 3675 clis
368 3609 632 3693 criminatoribus,
655 3609 737 3673 inter
760 3629 835 3690 quos
856 3610 1005 3692 deleperat
1026 3610 1151 3675 lulium
1174 3609 1366 3675 Posmmnm.
1410 3609 1466 3675 Se·

298 3717 437 3782 candum
474 3717 634 3782 rationem
672 3716 919 3801 grammaticam
957 3717 1076 3782 offendi
1105 3739 1171 3782 non
1207 3720 1317 3802 potest
1350 3717 1384 3782 in
1414 3716 1466 3782 his

296 3824 421 3909 verbis,
446 3825 616 3908 suppletur
638 3823 725 3887 enim
748 3823 902 3888 facillime
933 3823 1015 3908 egit
1042 3829 1118 3908 post
1137 3829 1229 3904 atque
1250 3824 1324 3889 laec
1346 3825 1468 3889 callidis

298 3932 565 4015 criminatoribnS,
604 3930 757 4015 quoniam
785 3929 933 4015 Tacitus,
971 3954 1035 4016 qua
1074 3937 1145 3997 erat
1176 3931 1359 3996 delatorum
1391 3953 1466 3996 oon-

298 4040 495 4123 temptione,
528 4038 753 4102 criminatores
784 4038 860 4102 illos
884 4038 978 4122 quasi
1001 4038 1218 4104 instrumenta
1241 4038 1383 4103 habebat
1414 4035 1467 4124 (cf.

297 4143 395 4230 Nipp.
406 4145 446 4210 ad
462 4143 523 4210 An.
533 4144 566 4210 H
579 4145 631 4230 79,
648 4145 688 4210 10
704 4167 727 4209 s.
742 4150 899 4226 nouum
916 4165 954 4208 ne
972 4146 1330 4229 asuauumpuutus,
1348 4166 1386 4209 ne
1393 4163 1467 4227 pro-

182 4335 190 4348 ,
297 4252 433 4315 rinemm
455 4252 529 4317 bello
554 4257 695 4337 temptet).
741 4251 899 4316 Attamen
922 4252 1057 4317 offendit
1077 4252 1224 4339 Madvig,
1246 4253 1316 4318 adv.
1341 4253 1412 4317 orit.
1433 4252 1467 4317 ΙΙ

298 4383 328 4444 p.
344 4357 425 4444 545,
454 4347 594 4444 repetito
618 4359 762 4424 Ernestii
785 4358 843 4423 illo
873 4360 1005 4444 iudicio,
1036 4381 1100 4444 quo
1129 4365 1269 4444 negatur
1297 4361 1332 4425 in
1360 4359 1468 4424 verbis

300 4466 452 4530 extremis
477 4467 749 4532 constructionem
773 4470 831 4531 ant
854 4466 1048 4532 sententiam
1073 4472 1234 4553 constare,
1264 4467 1469 4552 mutavitque
