3242 5284
650 566 690 577 ..
739 531 777 595 11
827 565 868 578 ..

173 693 228 755 tur
257 690 330 756 looo
357 687 415 754 illo
438 687 520 754 VIII
540 689 574 775 3,
597 689 640 754 82
663 688 864 774 Gorgianam
891 687 1064 754 brevitatis
1091 686 1343 772 descriptionem

173 795 327 861 exhibere
351 817 370 860 a
392 795 530 862 veritate
552 795 639 862 haud
667 796 808 862 alienum
836 799 900 882 est,
925 818 1002 861 nam
1029 794 1114 880 quod
1138 793 1179 860 ad
1205 793 1343 860 alteram
1443 821 1446 832 =

173 900 416 979 Quintilianeae
429 902 627 971 definitionis
643 907 769 989 partem
783 901 903 968 attinet
917 899 1045 987 (paucis
1057 902 1154 985 ptura
1167 900 1344 984 conplecti),

173 1007 305 1094 probari
317 1008 444 1075 videtur
456 1009 602 1075 versibus
614 1010 691 1095 illis,
703 1010 759 1094 qui
769 1009 924 1094 legtmtur
935 1009 1020 1094 apud
1032 1007 1343 1075 versificatorem

174 1137 274 1201 supra
295 1115 362 1182 iarn
384 1121 615 1204 memoratum,
636 1116 790 1183 46-48:

174 1260 394 1342 βραχυλογία·
427 1259 488 1325 Est
509 1259 639 1324 brevitas
660 1261 777 1343 raptim
803 1280 872 1324 oum
897 1261 1032 1342 paucis
1054 1257 1206 1323 dicima’
1228 1257 1345 1322 mutto

423 1367 560 1432 Mentem
582 1367 766 1451 wotemptru
789 1387 865 1430 nom
887 1366 1013 1431 cmssttio
1035 1365 1150 1430 valuit:
1171 1365 1238 1445 fors

423 1471 551 1556 Derepit
571 1494 654 1558 spera
675 1494 779 1558 saepe·
806 1478 841 1538 ot
865 1472 953 1538 tomo
980 1477 1038 1539 est:
1061 1473 1197 1557 amede,
1218 1470 1344 1552 fatetur.

176 1636 246 1680 eam
270 1615 403 1682 fluxisse
426 1639 465 1682 ex
490 1616 612 1684 Graeco
637 1618 776 1703 quodam
798 1615 903 1703 fonte,
925 1615 1002 1701 quia
1024 1614 1089 1681 fere
1108 1614 1221 1680 eadem
1238 1613 1343 1679 brevi-

178 1721 253 1787 tatis
278 1722 425 1788 definitio
447 1723 631 1790 illustratur
654 1724 801 1810 exemplo
830 1745 870 1788 ex
894 1721 1016 1788 Graeco
1047 1725 1176 1787 oratore
1203 1722 1345 1806 sumpto.

182 1827 335 1895 Graecum
360 1835 468 1896 autem
490 1831 577 1898 hunc
598 1830 722 1896 fontem
746 1851 811 1895 non
834 1829 934 1894 alium
952 1829 1053 1894 fuisse
1077 1833 1175 1914 atque
1194 1849 1283 1913 eum,
1306 1849 1345 1892 ex

180 1957 239 2020 quo
262 1935 406 2021 priorem
428 1941 555 2022 partem
576 1937 688 2003 hausit
711 1936 946 2022 Quintilianus,
969 1937 1048 2002 satis
1072 1938 1172 2022 patet.
1195 1972 1240 1981 -
1261 1933 1345 2000 Ecce

177 2063 268 2128 vero,
292 2065 390 2127 quam
412 2067 479 2110 non
500 2044 725 2132 perspexerint
743 2066 782 2110 oa
800 2066 882 2129 quae
901 2041 1102 2129 scripserunt
1121 2042 1181 2109 viri
1200 2041 1266 2126 illi,
1289 2040 1345 2126 qui

95 2151 99 2161 “
176 2170 214 2213 ex
243 2149 396 2234 operibus
425 2152 630 2239 egregiorum
658 2152 826 2218 rhetorum
858 2149 988 2216 libellos
1026 2171 1102 2214 suos
1136 2171 1235 2235 prave
1262 2169 1345 2214 oom-

174 2255 370 2341 pilaverunt.
416 2258 510 2335 Quod
533 2259 618 2325 enirn
640 2258 782 2343 Gorgiae
806 2260 839 2322 et
858 2255 1053 2335 Quintiliani
1076 2253 1257 2320 rectissime
1279 2276 1346 2319 non

175 2363 315 2450 figuram
345 2385 416 2430 esse
445 2365 633 2451 voluerunt,
668 2366 702 2430 id
731 2364 789 2428 -illi
818 2362 1022 2448 ineptissime
1059 2361 1152 2447 quasi
1186 2360 1346 2427 divellunt

176 2469 241 2534 sibi
264 2469 328 2556 ipsi
355 2475 592 2558 repugnantes,
619 2494 692 2537 oum
723 2470 777 2536 hio
804 2470 914 2557 illam,
943 2468 1000 2534 ille
1030 2468 1115 2534 hanc
1145 2467 1345 2534 definitionis

176 2576 337 2664 genuinae
360 2583 487 2662 partem
509 2577 593 2643 falso
616 2578 731 2663 figuris
754 2577 953 2644 adnumeret.
996 2575 1147 2642 Vidimus
1171 2575 1257 2640 enim
1279 2573 1344 2639 Ru-

176 2682 287 2750 tilium
311 2706 382 2750 eam
400 2686 612 2770 brevitatem,
635 2707 708 2770 qua
729 2685 830 2750 nihil
854 2683 1033 2770 dicimus,
1055 2683 1133 2748 nisi
1156 2682 1255 2768 quod
1276 2703 1345 2746 ne·

177 2813 284 2857 cesse
317 2795 392 2878 est,
431 2792 472 2858 ad
503 2792 624 2878 figuras
656 2791 837 2878 rettulisse,
875 2789 1130 2856 versificatorem
1161 2811 1247 2874 eam,
1283 2810 1348 2874 qua

176 2897 293 2984 plura
318 2898 455 2984 paucis
485 2899 800 2984 complectimur:
831 2900 1006 2982 utrumque
1032 2895 1156 2962 factum
1188 2899 1239 2961 est
1266 2895 1345 2961 dila-

178 3007 288 3070 cerato
306 3005 401 3092 quasi
417 3005 548 3092 Gorgia.
564 3041 606 3053 -
620 3005 737 3072 Restat
754 3009 792 3070 ut
810 3004 1000 3070 denotemus
1024 3003 1164 3070 termino
1182 3002 1301 3068 brach
1307 3025 1347 3087 y·

177 3110 289 3197 logia
320 3135 341 3178 a
372 3111 536 3179 veteribus
570 3111 668 3178 etiam
699 3111 881 3198 asyndeti
913 3110 1082 3196 figuram
1113 3109 1244 3195 proprie
1276 3130 1347 3174 esso
1410 3157 1415 3168 .

178 3222 336 3284 vocatam.
389 3218 545 3306 Legimus
582 3220 667 3304 apud
704 3218 993 3295 Quintilianum
1023 3215 1071 3282 IX
1090 3217 1125 3304 3,
1147 3216 1205 3282 50:
1237 3221 1266 3282 et
1293 3215 1348 3282 two

177 3329 281 3390 cunm
295 3326 465 3410 eranptom
480 3321 560 3412 (of.§
571 3326 629 3391 49:
641 3326 806 3412 sublata,
818 3325 952 3409 deleto,
965 3324 1151 3408 eatiaoto)
1167 3324 1348 3408 etevperius

179 3428 1349 3520 (atiniacestiycto,comperto,patefacto)otiaonquoqueeffietmrt

177 3541 327 3626 ίίθιιναιιι,
349 3559 443 3627 quoe,
458 3542 533 3624 qaia
550 3541 811 3606 wniocdiomtus
828 3544 922 3625 caret,
939 3537 1136 3604 dissolutio
1154 3543 1347 3616 ecoctam...

178 3645 364 3732 Hesperus
387 3645 712 3734 ,,βραχυλογίαν“
734 3651 851 3733 vocant,
874 3666 952 3728 quoe
967 3649 1151 3729 potestesse
1173 3645 1348 3729 copulata

178 3754 378 3820 dissolutio
403 3753 437 3837 [i.
461 3777 486 3820 a.
510 3754 706 3841 asyndeton,
728 3752 814 3841 quod
836 3755 876 3818 fit
897 3774 964 3817 non
986 3751 1021 3816 in
1048 3751 1251 3837 singulorum
1278 3773 1348 3816 ver·

179 3859 305 3947 borum,
316 3861 373 3926 sed
383 3861 625 3928 enuntiatorum
637 3861 884 3941 coniunctione}
900 3858 1110 3953 ,contrariom
1123 3858 1210 3924 idest
1220 3857 1349 3944 selena,

178 3969 260 4050 quod
275 3969 538 4035 raimondus
555 3967 700 4036 αὺιιιιᾱαί.
730 3968 768 4035 ci
785 3967 885 4033 etiam
903 3965 1053 4034 Ananim.
1072 3987 1170 4050 supra
1192 3988 1223 4050 p.
1243 3965 1348 4030 6-7.

269 4109 406 4176 Dicendi
428 4110 580 4196 magistri
599 4115 632 4177 et
654 4110 861 4198 grammatici
882 4107 1072 4176 recentioris
1095 4106 1215 4173 aetatis
1237 4105 1347 4171 Laur.
1412 4184 1430 4195 „

179 4215 309 4301 Valla,
339 4214 547 4304 Scaligeri,
573 4215 770 4303 Sanctius,
801 4217 859 4282 clii
885 4215 1043 4282 terminos
1070 4215 1146 4282 illos
1175 4214 1216 4280 ad
1243 4216 1348 4279 certas

179 4322 350 4388 brevitatis
364 4323 486 4390 formas
499 4323 728 4409 significandas
746 4331 812 4389 'non
826 4323 1051 4389 adhibuenmt.
1086 4319 1208 4388 Nostro
1218 4321 1349 4387 demum

176 4429 309 4504 saeculo
332 4429 367 4494 L.
387 4429 622 4498 Doederlein
649 4431 684 4496 in
712 4430 985 4498 commentatione
1011 4429 1070 4494 illa
1096 4430 1133 4494 de
1155 4427 1350 4512 brachylogia

179 4537 330 4603 sarano
357 4535 470 4604 &aeci
494 4542 525 4603 et
551 4534 664 4604 Latini
691 4562 723 4624 p.
744 4540 761 4605 1
782 4561 807 4603 ι.
826 4540 859 4602 et
882 4536 917 4602 in
936 4536 1160 4622 protepoaaoaia
1182 4536 1226 4600 od
1249 4534 1350 4603 Taciti
