3242 5284
715 457 997 520 ·-u.-·

293 615 541 703 cunctanter,
582 639 628 682 so.
668 620 799 702 agunt.
863 612 1207 696 Grammatioapratio
1246 633 1310 676 non
1351 611 1462 676 obstat

292 727 478 811 Walther0,
513 725 569 790 sed
604 723 783 808 simplicius
814 725 1055 789 cunctanter
1083 719 1231 805 iungitur
1264 741 1337 783 oum
1371 739 1463 782 con-

293 835 439 920 gressi,
463 833 597 897 verbum
620 831 749 895 finitum
772 831 874 895 totius
899 828 1059 895 enuntiati
1082 830 1132 893 est
1154 827 1349 912 pepigere.

381 939 429 1006 IV
446 941 506 1025 41,
529 940 634 1023 4seq.
658 940 702 1002 uel
722 937 835 1002 bostem
860 937 965 1022 perpet
995 924 1193 1019 composituri
1224 934 1291 998 ium
1316 954 1375 1017 per
1407 953 1463 998 ou-

290 1049 411 1130 pustius
433 1047 578 1111 saltuum.
602 1035 731 1128 quidum
759 1043 921 1111 audentius
944 1042 1059 1128 apertis
1081 1040 1116 1106 iu
1134 1039 1260 1106 collibus
1278 1039 1463 1124 visebantur,

293 1172 368 1232 quos
403 1155 467 1218 due
498 1153 662 1218 Romuuus
740 1153 869 1236 pepulit.
921 1148 1130 1215 Doederlein:
1167 1147 1376 1213 audentius
1416 1168 1462 1211 sc.

293 1263 470 1345 agentes,
505 1259 706 1344 Nipperdey:
750 1258 978 1342 audentius,
1024 1255 1111 1321 weil
1148 1254 1385 1320 visebantur
1419 1275 1462 1318 so

292 1367 375 1432 viel
406 1367 459 1432 ist
489 1367 546 1431 als
576 1369 655 1451 „sie
681 1366 821 1449 reipteu
850 1363 965 1430 stob“.
1011 1361 1172 1428 Neutrum
1195 1362 1311 1446 placet.
1348 1361 1462 1446 Neque
1522 1438 1528 1448 ,

292 1473 398 1559 Roth,
429 1473 510 1559 Agr.
525 1498 554 1559 p.
571 1475 633 1538 217
667 1495 735 1538 rem
769 1472 947 1558 expedivit,
985 1483 1058 1536 oum
1094 1470 1201 1535 locum
1238 1472 1387 1535 nostrum
1415 1468 1462 1533 eis

292 1581 448 1666 exemplis
485 1582 727 1666 adnumeraret,
759 1581 876 1665 quibus
912 1579 1019 1644 Taciti
1057 1577 1142 1642 ratio
1181 1576 1369 1643 adverbium
1404 1598 1462 1661 pro

293 1689 453 1754 attributo
492 1687 669 1772 usurpandi
708 1686 1033 1753 circumscriberetur.
1086 1684 1236 1771 Longum
1277 1688 1339 1766 est,
1379 1683 1463 1748 hanc

198 1857 203 1863 .
264 1794 463 1860 brevitatis
486 1795 625 1860 formam
653 1799 756 1859 totam
787 1795 849 1859 hoo
878 1795 949 1858 loco
980 1796 1134 1876 tractare,
1164 1791 1221 1856 sed
1243 1790 1375 1855 Tacitus
1407 1791 1463 1855 ad·

292 1903 404 1968 verbia
425 1902 617 1968 attributive
639 1924 705 1967 non
723 1901 871 1986 posuisse
889 1901 1019 1965 videtur
1036 1899 1098 1964 nisi
1117 1899 1203 1964 inter
1222 1897 1463 1964 substantivum

293 2014 326 2074 et
355 2012 521 2076 notionem
551 2009 793 2074 attributivam:
830 2008 867 2074 cf.
897 2008 976 2092 Agr.
1000 2007 1036 2092 3,
1067 2007 1108 2070 18
1138 2006 1188 2070 bie
1216 2007 1341 2070 iuterim
1371 2006 1462 2082 libem

293 2115 354 2182 An.
368 2116 401 2182 ΙΙ
416 2117 468 2201 20,
491 2115 541 2201 8s9
561 2118 656 2182 seusu
673 2117 737 2182 dure
755 2118 907 2200 turparem»
925 2116 1095 2179 comminus
1107 2134 1256 2197 pupuuuu
1294 2112 1463 2198 Exempla,

293 2245 375 2307 quae
398 2223 487 2288 Roth
506 2224 526 2287 l.
541 2224 561 2288 l.
578 2223 756 2308 congessit,
773 2223 856 2287 nihil
880 2222 920 2286 ad
943 2223 1051 2288 locum
1068 2225 1217 2286 nostrum
1237 2219 1463 2304 explicandum

292 2330 402 2395 valent
425 2335 458 2396 et
475 2331 629 2416 pleraque
648 2330 745 2395 aliter
763 2329 952 2414 explicanda
975 2333 1060 2395 sunt.
1096 2327 1195 2411 Vera,
1220 2328 1343 2412 opinor,
1365 2326 1462 2392 inter-

291 2437 432 2522 pretatio
455 2441 566 2502 nostro
590 2439 668 2502 loeo·
681 2438 865 2522 exemplum
885 2437 980 2522 quasi
999 2434 1217 2521 deprehendet
1235 2434 1304 2499 eius
1323 2434 1460 2499 brevilo-

293 2545 454 2629 quentiae,
478 2567 542 2630 qua
565 2544 701 2629 aliquid,
725 2544 811 2628 quod
835 2567 873 2608 ex
897 2544 1022 2608 duabus
1042 2543 1135 2627 quasi
1153 2523 1463 2628 partibus‘constat,

260 2641 263 2648 ⁴
292 2651 325 2715 in
349 2674 448 2715 unam
472 2651 675 2717 contrahitur
698 2651 892 2716 sententiam
918 2650 955 2715 cf.
971 2649 1032 2715 An.
1048 2648 1095 2714 lV
1110 2650 1140 2735 3,
1163 2650 1183 2712 2
1210 2654 1240 2713 et
1265 2649 1340 2730 quio
1367 2648 1399 2713 ei
1422 2653 1464 2712 ror

291 2759 385 2822 simul
407 2760 557 2842 corripere
579 2759 723 2844 iututuru,
739 2758 833 2825 dolus
855 2758 1021 2822 iuurecllo
1044 2757 1189 2821 saluum
1206 2756 1356 2840 poscebat,
1373 2777 1461 2848 ,quae

293 2863 379 2928 dicta
398 2869 474 2929 sunt
490 2887 548 2949 pro
564 2865 651 2930 dolo
671 2887 772 2949 opus
792 2868 880 2930 erat
898 2865 1008 2949 isque
1028 2863 1253 2929 intervalla
1271 2863 1462 2947 poscebat

293 2967 346 3056 (cf.
362 2971 475 3057 Halm,
503 2973 534 3038 J.
554 2972 668 3037 Jahrb.
688 2971 732 3037 55
746 2996 775 3057 p.
790 2969 886 3058 403);
915 2973 994 3056 Agr.
1011 2972 1100 3056 12,2
1125 2993 1205 3055 seq.:
1232 2971 1309 3035 olim
1342 2969 1462 3052 repibus

288 3079 455 3164 parebant,
477 3101 560 3143 uuuc
575 3100 634 3163 per
650 3081 808 3162 principes
831 3076 1005 3166 (reguntur
1023 3075 1070 3165 et)
1087 3076 1275 3156 factionibus
1297 3081 1327 3140 et
1350 3077 1462 3142 studiis

291 3186 508 3251 distrahuntur
544 3183 597 3273 (ef.
610 3186 806 3271 Baehrens,
838 3210 879 3251 m.
898 3207 939 3252 er.
958 3209 988 3270 p.
1007 3181 1093 3271 162).
1148 3184 1202 3250 sio
1239 3186 1353 3248 nostro
1390 3183 1460 3248 loco

292 3293 510 3358 audentius
535 3293 683 3377 apertis
711 3293 749 3357 iu
782 3293 955 3358 collibus
989 3275 1224 3358 visebantur
1256 3290 1379 3355 dictum
1412 3295 1461 3354 est

291 3400 582 3483 procedentius
608 3400 753 3484 apertis
776 3399 815 3463 in
838 3400 1006 3464 collibus
1034 3399 1295 3464 versabantur
1322 3397 1460 3483 ibique

290 3506 529 3572 visebantur.
575 3508 691 3592 Itaque
719 3529 817 3571 causa
846 3528 913 3572 non
937 3511 987 3572 est
1010 3505 1170 3571 scribendi
1198 3506 1461 3571 versabantur

291 3635 349 3696 pro
373 3614 618 3680 visebantur.

292 3809 321 3872 2.
341 3809 519 3875 ablativo
539 3810 658 3896 modi,
682 3810 789 3875 cuius
809 3811 868 3876 vis
888 3832 1006 3894 prope
1026 3810 1177 3875 accedit
1196 3809 1241 3874 ad
1263 3809 1460 3875 notionem

740 3917 1016 3998 adverbialem.

379 4041 431 4105 Ex
454 4040 547 4126 locis,
579 4042 696 4126 quibus
729 4043 862 4109 verbnm
894 4062 1009 4126 agere
1031 4043 1176 4127 positum
1200 4047 1250 4108 est
1272 4046 1348 4127 post
1371 4042 1459 4107 abla-

290 4148 395 4212 tivum
426 4148 513 4212 modi
542 4146 594 4235 (ut
613 4149 674 4214 An.
691 4148 798 4234 1164,
833 4149 873 4213 13
909 4151 963 4214 sed
995 4151 1102 4232 primo
1137 4151 1263 4216 subdolo
1299 4150 1460 4214 concordie

290 4273 392 4336 epcre3
420 4290 462 4300 -
490 4254 616 4341 17121,
650 4255 757 4341 ltus:
787 4258 841 4336 qui
922 4257 1039 4320 illustri
1117 4257 1248 4338 futuro
1280 4276 1375 4338 apere,
1405 4252 1458 4342 al.)

291 4360 396 4426 elucet
419 4362 627 4428 omissionem
649 4363 747 4428 huius
770 4363 861 4428 verbi
885 4365 1030 4428 exstare:
1052 4362 1094 4429 Η.
1110 4361 1227 4448 11145,
1252 4362 1346 4447 13115
1364 4367 1394 4447 et
1414 4381 1459 4428 eo-

290 4467 389 4536 tortes
421 4470 549 4553 otueqru
570 4475 693 4535 uestrae
721 4471 820 4538 coriis
848 4471 994 4554 proditu
1026 4491 1157 4536 euernere
1193 4475 1295 4535 temen
1320 4470 1459 4554 pauca
