3204 5284
616 467 855 533 -123-

142 628 183 690 in
201 627 285 711 illos,
304 647 347 691 an
365 627 416 691 sit
436 627 558 708 aimoini
574 628 609 690 in
627 629 741 692 nostris
758 625 919 694 amentiis?
939 633 971 692 et
985 651 1015 713 q.
1026 650 1067 712 s.;
1085 652 1161 694 nam
1182 630 1236 694 sit
1255 630 1320 694 alia

143 733 389 818 significatione
421 733 461 798 ad
494 734 689 818 membrum,
720 733 754 798 in
787 756 851 818 quo
881 735 1026 820 positum
1056 740 1119 820 est,
1152 758 1248 820 quam
1279 736 1321 800 ad

143 845 257 906 cetera
279 839 484 905 referendum
507 845 565 905 est.
603 839 674 906 Hae
696 863 773 906 vero
797 842 927 907 caderet
949 843 983 906 in
1007 842 1040 906 id
1059 843 1184 908 dicendi
1209 865 1320 928 genus,

144 948 236 1032 quod
254 967 353 1031 supra
372 967 508 1031 zeugma
522 949 711 1032 plerumque
726 947 836 1012 vocari
852 947 1029 1036 docuimus,
1047 949 1111 1014 nisi
1130 954 1321 1036 praestaret,

146 1055 359 1120 omissionem
388 1053 585 1119 coniunctivi
615 1058 667 1119 sit
701 1055 893 1140 intellegere
924 1054 978 1141 (of.
992 1054 1091 1141 Nipp.
1107 1057 1146 1121 ad
1169 1047 1228 1122 Ari.
1246 1053 1321 1143 17).

238 1162 268 1228 2.
287 1161 472 1244 asyndetioe
491 1161 663 1227 coniuncta
682 1166 758 1226 sunt
777 1161 907 1248 singula
930 1164 1088 1229 membra:
1108 1161 1168 1228 An.
1178 1161 1259 1228 XIII
1268 1163 1321 1247 46,

146 1270 252 1334 4-6:
275 1289 362 1350 saepe
384 1269 510 1334 unditus
528 1275 572 1334 est
593 1289 776 1353 consumens
796 1290 812 1334 e
834 1269 969 1334 convivio
985 1269 1135 1356 Caesaris,
1153 1291 1185 1335 se
1198 1272 1320 1352 quidm

147 1379 194 1442 ire
212 1376 367 1460 odiliam,
384 1375 443 1440 sabi
456 1395 625 1441 mnomsam
643 1377 841 1442 clamitans
858 1377 1047 1442 nobilitatem
1058 1377 1321 1460 portatritnrtinona

147 1489 218 1550 vota
231 1484 371 1549 ananiam
384 1487 413 1547 et
422 1483 541 1565 pendia
553 1484 699 1563 fetatum.
723 1482 847 1549 Similis
863 1488 913 1548 est
922 1484 1028 1549 loeus:
1038 1483 1321 1569 H.141,12-14:

147 1594 183 1658 de
213 1611 392 1675 mansore
427 1610 491 1655 non
526 1592 603 1655 satos
634 1597 766 1667 conat
804 1592 931 1673 quidam
956 1592 1131 1656 Terentiam
1160 1597 1322 1676 avocatam,

148 1700 208 1764 atii
229 1698 413 1781 Leraniaim,
444 1697 576 1762 oeboior
601 1698 692 1779 fama
719 1699 881 1763 tradidit
904 1696 1087 1763 Camurium
1118 1699 1244 1780 quintae
1275 1700 1321 1763 (to

151 1826 255 1871 urnae
285 1805 412 1888 lapionis
441 1802 571 1869 militam
599 1807 745 1888 inpressa
771 1805 876 1888 plodio
905 1805 1046 1888 inpuluta
1079 1808 1144 1870 eins
1176 1805 1321 1870 inrisisse.

155 1911 337 1978 Cavendum
361 1914 474 1976 estne
497 1912 560 1976 hoo
588 1912 660 1978 looo
691 1918 871 1978 commotus
895 1912 968 1997 quis
991 1912 1055 1978 huo
1084 1914 1204 1979 referet
1233 1913 1322 1976 looos

151 2025 188 2086 ut
201 2020 243 2086 H.
259 2018 288 2084 V
303 2020 338 2103 2,
353 2018 484 2103 7-153
511 2018 574 2083 An.
588 2018 605 2084 I
620 2020 677 2104 80,
697 2011 787 2106 bini.
801 2043 832 2104 p.
848 2020 911 2084 104
935 2023 969 2084 et
994 2019 1087 2106 103);
1119 2021 1155 2086 in
1186 2019 1322 2085 eundem

148 2128 236 2193 enim
262 2147 402 2191 errorem
426 2124 596 2211 inuideret,
619 2147 715 2211 quem
739 2127 825 2210 apud
849 2125 1085 2212 Nipperdeium
1109 2127 1142 2192 in
1170 2128 1241 2191 loeo
1261 2126 1321 2191 An.

147 2236 183 2301 Π
198 2236 255 2319 60,
270 2235 366 2299 5—-8
391 2233 581 2318 explicando
605 2233 830 2298 denotavimus
855 2230 909 2319 (ef.
922 2258 952 2319 p.
969 2235 1056 2320 122).

240 2341 356 2407 Restat
383 2344 420 2404 ut
448 2341 486 2404 de
510 2363 574 2405 uno
603 2340 674 2405 loeo
702 2363 722 2404 o
750 2340 829 2404 viris
858 2341 962 2406 dootis
985 2339 1097 2426 (Nipp.
1113 2339 1218 2406 Wioh.
1233 2363 1263 2424 p.
1280 2341 1322 2404 10

148 2447 282 2536 Draeg.)
297 2448 361 2512 huo
379 2447 481 2512 relato
497 2446 865 2532 disseramus.,Legitur
883 2448 969 2513 enim
984 2447 1046 2512 An.
1053 2446 1134 2512 XIII
1145 2445 1194 2532 15,
1209 2447 1276 2510 6-
1288 2447 1322 2510 7:

146 2559 246 2640 ipitnr
263 2557 367 2621 oetoris
383 2557 502 2620 diversa
520 2575 574 2619 noo
590 2556 730 2620 ruborem
747 2555 909 2620 adlatura:
926 2555 979 2619 nbi
990 2556 1179 2620 Britannico
1196 2555 1294 2619 inssi
1299 2558 1322 2638 t,

147 2667 322 2747 ansnrperet
337 2683 574 2746 propressnsqne
596 2664 631 2726 in
655 2663 788 2728 medinm
815 2667 941 2727 canum
969 2664 1103 2745 aliquota
1125 2662 1323 2746 inceperet,

148 2772 204 2836 itte
230 2775 403 2835 constanter
429 2789 554 2835 morsus
575 2775 619 2834 est
645 2789 769 2834 cannen
792 2774 826 2834 et
840 2792 870 2854 q.
885 2791 909 2834 e.
955 2768 1029 2835 Una
1057 2768 1251 2852 gravissima
1286 2773 1324 2834 ut

148 2878 280 2944 videtur
304 2899 400 2941 eausa
422 2881 572 2942 vetamur
588 2877 725 2942 verbum
747 2877 868 2941 iussit
886 2899 944 2961 per
962 2878 1100 2962 figuram
1118 2869 1183 2939 ἀπὸ
1202 2876 1324 2940 κοινοῦ

154 2986 197 3051 ad
231 2984 454 3050 antecedentia
483 2984 617 3049 referre:
653 2984 779 3049 nullum
818 2985 904 3049 enim
936 2983 1100 3048 invenitur
1131 2983 1325 3068 exemplum,

148 3114 217 3178 quo
240 3092 396 3177 probetur
417 3091 484 3155 tale
508 3091 586 3175 quid
608 3092 677 3155 fieri
700 3091 860 3176 potuisse,
883 3091 939 3156 ubi
959 3090 1090 3174 singula
1112 3111 1177 3154 non
1200 3089 1324 3154 ooordi-

148 3203 244 3284 nate,
274 3199 331 3263 sed
361 3200 410 3262 ita
438 3199 610 3263 coniuncta
639 3201 730 3283 sunt,
759 3203 797 3262 ut
829 3198 870 3262 ad
901 3196 1104 3262 enuntiatum
1133 3196 1323 3280 primarium

149 3307 287 3372 verbum
315 3327 484 3372 commune
514 3327 553 3370 ex
580 3305 748 3370 enuntiato
779 3304 968 3370 secundario
998 3307 1174 3390 repetatur.
1219 3302 1324 3368 Loous

151 3419 262 3482 autem
287 3414 400 3501 quiin
423 3412 578 3477 auxilinm
603 3413 712 3478 vocari
743 3413 839 3497 solet,
867 3412 963 3497 plene
992 3434 1059 3477 non
1088 3411 1239 3496 quadrat:
1263 3409 1324 3475 An.

150 3521 203 3587 III
218 3522 321 3606 56‚6:
344 3522 492 3586 Marcum
514 3521 621 3585 danda
638 3520 812 3603 Aporppano
835 3520 951 3584 sociam
973 3521 1038 3584 ains
1064 3519 1236 3601 protestatio,
1265 3539 1323 3600 qno

150 3629 293 3709 defamata
308 3628 465 3693 Tiberinon
479 3628 632 3692 Neronem
654 3627 800 3710 detepit,
822 3648 860 3690 ne
881 3647 1030 3692 snmnsor
1048 3628 1082 3690 in
1100 3627 1214 3689 ineerta
1230 3625 1324 3704 foret:

151 3737 250 3802 huius
274 3735 360 3801 enim
383 3734 510 3820 periodi
538 3734 683 3798 membra
710 3733 901 3818 pronomine
925 3755 997 3818 quo
1022 3733 1041 3796 i.
1055 3755 1082 3798 e.
1106 3736 1144 3796 et
1165 3753 1210 3818 ¹eo
1234 3753 1323 3796 noor-

154 3844 267 3908 dinsta
290 3842 376 3907 inter
399 3863 433 3906 se
452 3863 523 3907 esse
542 3841 607 3906 ism
628 3862 726 3925 supra
744 3865 775 3926 p.
790 3842 851 3905 117
873 3839 1173 3904 demonstravimus.
1209 3839 1325 3923 Itaque

153 3951 261 4016 looum
284 3952 432 4014 nostrum
456 3949 638 4033 exemplum
663 3947 907 4013 essevolumus
931 3946 1001 4012 eius
1030 3945 1158 4012 dioendi
1188 3946 1326 4030 generis,

154 4071 218 4142 quo
241 4057 376 4122 verbum
398 4055 529 4120 finitum
552 4055 663 4120 omitti
685 4057 795 4140 potest
817 4054 852 4118 in
879 4053 1048 4119 enuntiato
1078 4053 1232 4138 quopiam
1259 4053 1324 4137 pri·

154 4164 273 4249 mario,
296 4163 325 4228 si
347 4162 433 4228 idem
455 4162 592 4228 verbum
615 4162 760 4248 positum
783 4164 834 4225 est
856 4161 891 4225 in
914 4161 1084 4225 enuntiato
1108 4159 1325 4244 subsequente

153 4270 344 4338 secundario
369 4268 423 4357 (of.
437 4295 467 4356 p.
486 4270 547 4334 103
563 4267 612 4356 s),
635 4267 734 4334 etism
754 4269 783 4333 si
802 4268 843 4332 ad
862 4268 960 4333 aliam
983 4268 1125 4353 pertinet
1148 4267 1324 4352 periodum.
