3242 5284
633 519 830 582 -9-

149 677 378 763 Theophrasto
401 678 508 762 magis
532 678 701 762 magisque
724 679 887 744 excultam
916 682 1056 763 quatuor
1082 678 1116 743 in
1143 678 1236 743 libris
1263 699 1319 763 pc-

148 785 317 852 culiariter
330 784 533 871 explanavit:
548 783 587 851 cf.
601 783 770 862 Quintil.
781 784 828 850 IX
838 786 873 871 2,
895 786 957 850 102
969 790 1095 868 praem
1107 786 1166 852 illo
1179 807 1247 852 vero
1257 836 1264 851 .
1275 836 1283 852 .
1294 834 1319 851 ..

146 894 249 958 merlin
272 893 339 958 οῐὶο
367 897 397 958 et
421 893 502 957 idem
524 891 665 958 Rutilius
684 891 833 976 Gorpiam
855 898 986 977 sanctus,
1014 915 1078 959 non
1103 893 1194 958 illum
1221 892 1319 958 Leon-

149 1001 265 1085 tinum,
291 1001 346 1066 scd
370 1000 469 1065 atium
495 1001 547 1065 sui
578 1001 732 1085 temporis,
759 1001 846 1065 cnivis
872 1004 1004 1082 quotuor
1031 1000 1124 1066 libros
1155 1001 1189 1064 in
1221 1019 1320 1064 unum

146 1127 242 1172 sumn
265 1107 437 1192 transtulit,
463 1111 493 1172 et
515 1106 619 1172 Celsos
698 1111 870 1189 posuerunt
894 1105 1056 1172 solemnio.
1093 1107 1197 1173 Valde
1219 1106 1322 1193 igitur

149 1217 203 1279 est
226 1212 414 1299 dolendum,
434 1213 524 1298 quod
546 1235 587 1278 ne
609 1213 663 1279 hic
686 1213 816 1298 quidem
838 1213 956 1278 Rutilii
979 1213 1110 1278 libellus
1138 1213 1172 1278 in
1195 1236 1234 1278 so
1256 1235 1321 1297 qua

149 1321 284 1406 scripsit
305 1321 411 1385 forma
439 1320 535 1385 nohis
563 1324 613 1401 est
640 1324 801 1406 servatum
829 1321 1060 1386 commentatio
1088 1321 1188 1406 enim,
1223 1342 1319 1406 quam

149 1428 278 1494 codices
301 1427 455 1493 exhibent
472 1426 590 1492 Rutilii
607 1427 738 1492 nominc
756 1431 919 1511 ornatum,
940 1426 1025 1490 nihil
1043 1427 1131 1492 aliud
1150 1432 1200 1492 est
1223 1433 1332 1513 quam'

149 1535 258 1600 brevis
291 1533 585 1619 additamentisquc
615 1534 729 1600 slienis
761 1557 862 1620 prave
894 1534 1065 1619 inquinata
1103 1533 1244 1618 epitome
1281 1556 1320 1599 ex

152 1643 292 1728 genuino
312 1641 479 1738 Rutiliano
503 1663 600 1726 opere
617 1641 704 1707 fecta
723 1638 775 1726 (ci.
789 1640 921 1707 Daialas
935 1642 957 1707 l.
971 1641 992 1707 l.
1006 1664 1037 1725 p.
1051 1641 1108 1726 29;
1127 1639 1226 1706 Halm
1241 1641 1261 1706 l.
1275 1638 1320 1726 l).

155 1747 235 1814 (lom
258 1752 369 1814 autem
396 1748 590 1813 incertum
622 1748 718 1813 illum
748 1752 972 1833 auctorem,
1002 1747 1059 1832 qui
1088 1769 1247 1814 carmen
1277 1749 1320 1813 de

157 1853 315 1940 figuris,
337 1855 423 1940 quod
441 1854 593 1920 Halmius
612 1855 714 1920 edidit
732 1855 754 1921 1.
767 1857 788 1920 l.
807 1879 837 1940 p.
853 1856 896 1921 63
915 1877 994 1941 seq.,
1017 1855 1215 1941 composuit,
1237 1855 1321 1921 hanc

155 1962 317 2046 epitomen
350 1983 391 2026 ex
418 1961 543 2027 Rutilio
573 1962 804 2048 conscriptam,
833 1985 970 2048 cumque
998 1962 1237 2039 Quintilianum
1265 1983 1320 2048 ge·

150 2067 287 2134 n'uinum
316 2068 434 2134 Rutilii
465 2068 584 2134 librum
613 2069 648 2134 in
678 2091 772 2134 usum
801 2092 895 2135 suum
931 2070 1106 2135 contulisse
1141 2093 1199 2155 pro
1231 2075 1320 2136 certo

150 2176 313 2241 affirmare
336 2176 448 2260 licoat3
472 2197 544 2240 oum
567 2181 751 2261 praeterea,
773 2177 860 2261 quod
883 2177 953 2242 sine
977 2175 1075 2240 dnbio
1097 2198 1164 2241 non
1181 2176 1321 2242 fortuito

149 2282 361 2368 factumest,
388 2283 585 2368 epitomator
606 2282 664 2349 ills
692 2283 893 2369 Rutilisnus,
915 2282 1150 2368 Quintilianus,
1178 2283 1321 2348 incertus

148 2389 209 2455 ille
240 2389 441 2456 versificator
478 2412 517 2455 ex
550 2389 700 2455 omnibus
735 2389 791 2475 qui
821 2389 859 2455 de
886 2389 1001 2474 figuris
1029 2389 1227 2474 scripserunt
1258 2390 1322 2456 soli

150 2495 400 2582 brachylogiam
409 2497 444 2562 in
458 2519 591 2562 numero
600 2498 777 2582 figurarum
791 2497 964 2562 verborum
977 2497 1126 2562 habitam
1140 2496 1320 2562 accuratius

86 2657 92 2665 .
149 2624 212 2668 neo
230 2605 391 2669 contrarie
415 2604 582 2669 definiant:
605 2604 827 2689 unusquisque
845 2603 1015 2676 concludet
1041 2626 1112 2670 eam
1130 2625 1196 2669 non
1214 2605 1321 2669 solum

149 2709 187 2774 in
210 2708 378 2776 Rutiliano
402 2710 486 2776 libro
514 2711 655 2797 genuino
679 2707 733 2798 (cf.
751 2709 887 2786 Quintil
905 2709 992 2776 IX3
1000 2709 1105 2797 ,99)
1133 2710 1254 2776 ssdt
1221 2711 1321 2776 etiam

148 2815 300 2882 miotnte
319 2839 357 2883 ex
376 2840 440 2903 quo
459 2817 807 2904 fluxit‚1nGorgiano
831 2817 889 2883 illo
913 2839 1023 2904 opere,
1046 2817 1199 2882 similiter
1220 2817 1321 2883 fuisse
1375 2873 1379 2894 ,

149 2922 357 3009 descriptam

242 3030 423 3097 Rutilius
442 3029 575 3119 hupns
594 3032 662 3098 118
677 3029 880 3119 (cf.Halml.
899 3031 920 3097 l.
934 3056 966 3117 p.
982 3027 1039 3118 17)
1053 3030 1181 3096 scribit:
1199 3033 1319 3116 βραχυ-

149 3138 265 3220 λογίας
296 3137 351 3203 hcc
371 3139 442 3221 lini
462 3141 550 3225 solet,
582 3163 651 3208 cum
683 3145 789 3204 orator
810 3139 953 3204 omno
975 3138 1141 3204 sentcntiae
1165 3139 1323 3229 prwcedit

149 3245 304 3310 audurus
317 3246 560 3329 repedationem.
591 3243 720 3326 Ipsae:
737 3296 755 3331 „
765 3265 891 3328 ονοονοε
909 3266 930 3310 ο
948 3265 1008 3332 me,
1026 3262 1086 3324 qno
1103 3246 1172 3310 ν’ννο
1189 3245 1321 3311 obtinere

143 3351 288 3434 possim?
318 3373 378 3435 qno
404 3352 494 3418 inre?
531 3350 617 3416 Mihi
638 3351 813 3434 Polyaenus
835 3353 972 3439 reliquit,
998 3357 1126 3435 prosto
1152 3353 1235 3418 dedit
1249 3373 1321 3436 pos-

149 3455 329 3537 sessionem
353 3459 429 3543 tapes
451 3480 499 3524 mc
520 3460 705 3542 defendunt:
728 3461 772 3525 od
792 3464 820 3524 te
841 3479 903 3524 non
916 3461 1091 3542 pertinent;
1115 3458 1148 3524 hi
1165 3460 1322 3524 emitotem

149 3563 348 3648 sequnntnrf‘
383 3566 464 3631 Item
486 3567 636 3632 elusum:
662 3566 747 3653 „Sed
767 3587 820 3632 cos
841 3587 972 3648 οοονννι
995 3571 1039 3632 est
1063 3567 1251 3632 voluntatem
1273 3567 1320 3632 di·

149 3673 272 3756 spiccre.
295 3673 382 3738 Ναοα
395 3674 521 3739 consilio
534 3675 642 3760 coluit,
653 3675 783 3756 Ῑοαοαοο
797 3674 902 3757 lapsus
915 3678 974 3738 est:
992 3673 1081 3738 Ῑιονοο
1092 3670 1171 3752 fnit·
1188 3671 1320 3753 ἴαινον.-

150 3781 370 3846 mordendum
391 3801 454 3846 non
476 3781 583 3846 omnin
594 3801 685 3864 posse
706 3781 885 3846 hominem
904 3777 990 3867 (add.
1009 3777 1137 3867 Halm);
1164 3779 1220 3846 hoc
1237 3781 1322 3846 enim

150 3887 276 3952 deorum
298 3892 343 3952 est
353 3889 528 3971 proprrlsm.
543 3923 586 3935 -
604 3888 657 3953 Ad
675 3889 810 3954 eandem
829 3887 1066 3953 sententiarum
1084 3886 1321 3972 verborumque

150 3993 346 4060 brevitatem
355 3994 523 4060 referenda
536 3998 613 4059 sunt
622 3994 845 4079 Tryphonis
859 3993 967 4080 verba,
982 4016 1064 4079 quae
1073 3994 1226 4081 leguntur
1235 3994 1321 4080 apud

152 4099 254 4188 Walz.
273 4125 304 4186 p.
326 4100 401 4187 752,
426 4120 481 4188 ap.
505 4099 655 4186 Spengel.
677 4099 728 4166 ΙΠ
750 4125 781 4186 p.
804 4101 885 4186 202,
910 4101 965 4166 16:
996 4097 1071 4183 περὶ
1103 4096 1321 4186 βραχύτητος·

152 4202 319 4293 βραχύτης
351 4206 420 4273 ἐστὶ
452 4203 576 4292 φράσις
607 4207 709 4296 πλέον
742 4232 773 4273 τι
804 4208 865 4274 τού
893 4201 1104 4292 ἀναινομένου
1130 4203 1321 4294 νοούμενον

154 4316 291 4398 ἔχουσα,
318 4305 373 4380 old
396 4313 465 4381 ἐστι
493 4309 532 4380 τὰ
552 4290 705 4394 Λελφικύ
728 4309 975 4399 ἀποφθέγματα
998 4314 1133 4400 ,,γνῶθι
1158 4311 1322 4402 σαντόν“,

155 4417 307 4507 ,,χούνου
334 4422 481 4503 φείδον“
485 4470 529 4507 ,,
531 4418 629 4506 ‚lund
630 4446 652 4486 ν
673 4415 792 4504 ύγύνιί.
832 4417 1020 4506 βραχύτητα
1051 4420 1091 4486 δέ
1111 4424 1177 4506 ἔχει
1206 4417 1315 4487 καὶ
1282 4446 1321 4488 νο

155 4523 444 4613 ,Λακεδαιμόνιοι
460 4529 641 4617 Φιλίπποις(
649 4577 669 4612 ‚‚
676 4527 859 4607 Διονύσιος
871 4527 908 4594 ἐν
922 4529 1126 4617 Κορίνθῳ“·
1140 4525 1322 4612 βούλονται
