3204 5284
722 503 1011 570 see-

316 670 407 734 llvere
439 669 491 753 iis,
522 669 577 752 qai
592 669 841 750 ..incamepttm
873 665 1073 748 elaqueatum
1106 662 1227 728 made
1257 662 1374 728 avale
1404 683 1489 727 eaer-

316 782 432 970 oerenl)
452 882 558 948 oratio
574 881 706 967 obliqua
725 880 872 965 sequitur
887 878 1092 944 enuntiatum
1106 878 1251 943 causale:
1274 877 1337 943 An.
1347 876 1396 943 IV
1405 877 1490 962 64,9

317 1013 396 1076 seq:
425 991 583 1055 addamw
604 988 768 1053 seunnliae
790 992 826 1052 al
849 1006 937 1050 mons
955 984 1079 1050 Caeliae
1096 986 1132 1049 e‘a
1148 990 1307 1068 posteram
1328 985 1492 1067 Aapustas

316 1097 535 1181 appellentur,
572 1096 698 1178 qaandd
727 1095 843 1159 carectis
876 1095 995 1185 ‘circam
1026 1092 1232 1176 slupraalc'bas
1267 1092 1333 1156 sola
1373 1091 1492 1154 Tiberii

316 1203 431 1287 efftpe'es
445 1253 470 1268 ..
484 1203 634 1267 iaulolrda
656 1203 834 1267 maneant:
864 1196 994 1264 evenisse
1023 1201 1058 1264 ld
1083 1200 1157 1265 olim
1180 1199 1334 1265 Claudiae
1357 1197 1493 1278 Quintae

316 1312 439 1394 eiusque
468 1314 605 1375 statuam
635 1311 699 1373 uim
728 1309 848 1392 palum
874 1307 920 1372 bis
947 1307 1083 1389 elapsam
1115 1307 1248 1371 maures
1273 1307 1359 1390 apud
1384 1307 1492 1370 aedem

316 1420 427 1482 muta
449 1419 538 1482 wem
561 1415 794 1490 consecravisse·
817 1415 858 1480 al.

405 1523 510 1601 Locus
541 1522 659 1588 dubius
689 1525 755 1587 est:
783 1521 844 1586 An.
860 1519 924 1584 ΧΠ
942 1521 996 1604 17,
1012 1520 1078 1604 2s4:
1108 1520 1190 1586 code
1222 1521 1304 1603 qaod
1330 1521 1494 1603 asperreute'

274 1713 278 1723 Ι
316 1637 390 1698 aaut
418 1633 552 1696 autores
606 1629 688 1710 Quia
725 1629 878 1693 trucidare
913 1628 1028 1692 dedita
1059 1649 1199 1710 amcam,
1232 1633 1352 1693 tantam
1385 1628 1492 1692 mulli-

316 1741 453 1804 ladiaem
475 1729 612 1802 madet
634 1738 751 1819 clepere
779 1736 928 1819 arduam,
958 1739 993 1799 ut
1021 1727 1311 1817 bellipotentem
1339 1737 1491 1799 caderent.

316 1845 463 1930 Vulgata
492 1845 558 1909 iam
588 1844 682 1908 colon
714 1847 791 1927 post
826 1840 999 1907 victores
1037 1841 1178 1906 mutavit
1209 1842 1244 1906 in
1278 1864 1420 1925 comma,
1456 1847 1493 1906 nt

317 1952 501 2017 coniunctio
536 1955 580 2015 ut
614 1950 749 2015 haberet
777 1949 862 2015 unde
892 1948 1055 2034 penderet.
1107 1949 1260 2015 Editores
1279 1949 1382 2044 ,varie
1415 1970 1490 2034 ege-

317 2063 409 2124 runt:
455 2058 544 2123 Bach
579 2063 613 2122 et
642 2056 810 2140 Kiessling
840 2078 879 2120 ex
910 2057 1116 2140 aspernati
1146 2061 1242 2122 sunt
1279 2061 1492 2141 sumpserunt
1589 2049 1590 2102 3

191 2218 194 2228 ,
316 2167 481 2231 notionem
518 2163 723 2250 decernendi,
766 2161 851 2227 unde
889 2167 931 2227 ut
969 2166 1149 2250 regeretur3
1187 2163 1353 2248 Walthcr,
1393 2187 1491 2248 quem

316 2273 500 2359 nuperrime
524 2276 653 2337 secutus
677 2274 728 2334 est
747 2269 907 2355 Draeger,
929 2270 1038 2335 verbis
1061 2273 1303 2336 al-cadereal
1324 2271 1392 2334 vim
1420 2293 1490 2335 cou-

317 2379 495 2445 secntivam
525 2377 656 2462 tribuit3
685 2369 784 2462 quam
807 2377 892 2442 male
915 2377 948 2442 id
973 2377 1160 2463 quadraret,
1183 2378 1337 2464 quoniam
1361 2376 1396 2441 iu
1428 2400 1492 2442 vcr-

317 2486 368 2551 bis
392 2485 602 2570 sequentibus
631 2484 703 2568 ipsa
730 2484 789 2550 illa
816 2484 1019 2571 consecutio,
1050 2467 1095 2549 ut¹
1113 2485 1161 2549 ita
1190 2484 1309 2571 dicam,
1338 2507 1492 2569 expresse

317 2595 482 2677 narratur,
504 2591 575 2677 ipse
594 2590 739 2676 Draeger
762 2591 902 2655 sensisse
921 2591 1064 2676 videtur,
1094 2614 1167 2656 cuni
1196 2596 1339 2657 verteret
1361 2613 1395 2656 sc
1421 2593 1493 2657 dass

316 2701 362 2765 sic
384 2735 427 2745 -
455 2699 554 2779 fallen
582 2698 728 2762 solllcn.
780 2695 867 2762 Nam
897 2699 960 2764 hoc
988 2721 1054 2764 non
1084 2720 1215 2763 sensum
1246 2699 1493 2764 consecutivum

318 2805 469 2890 servavit,
493 2828 589 2891 quem
612 2804 718 2870 voluit
737 2803 881 2891 Draeger
905 2805 1095 2891 exprimere,
1119 2806 1175 2872 sed
1198 2806 1342 2871 finaliter
1365 2805 1493 2870 (lictum

318 2916 377 2978 est.
406 2949 447 2960 -
477 2911 545 2976 Alii
569 2911 812 2977 Doederlinium
843 2913 946 2976 secuti
975 2912 1073 2978 verba
1104 2914 1343 2996 qaia-arduum
1374 2935 1492 2996 paren·

317 3019 427 3084 thesin
459 3041 529 3083 esse
564 3018 697 3102 volunt3
742 3023 785 3082 ut
821 3018 952 3084 notione
983 3018 1174 3085 decernendi
1207 3042 1245 3084 ex
1286 3018 1494 3104 aspernati

319 3131 411 3190 sunt
437 3131 567 3210 sumpta
588 3125 659 3210 regi
673 3125 882 3191 contendunt.
914 3123 993 3191 Non,
1003 3126 1120 3211 placet.
1135 3162 1177 3172 -
1193 3125 1307 3211 Nuper
1321 3127 1350 3192 J.
1361 3125 1495 3210 Mr'iller,

319 3232 420 3298 Beitr.
434 3230 483 3296 IV
506 3233 572 3317 p.9
592 3253 658 3319 seq.
699 3231 818 3297 codicis
855 3233 955 3297 verba
993 3233 1163 3299 defendere
1201 3233 1341 3318 studuit3
1380 3233 1496 3298 docuit

225 3362 227 3366 ’
318 3339 406 3405 enim
428 3339 516 3402 haud
538 3361 612 3404 raro
635 3340 691 3404 uni
716 3340 883 3404 enuntiato
906 3339 1063 3424 primario
1092 3341 1155 3404 duo
1183 3341 1353 3405 enuntiata
1376 3363 1494 3406 secun-

319 3445 410 3510 daria
432 3445 605 3511 subiuncta
628 3467 698 3510 esse
729 3468 749 3510 a
779 3445 949 3531 Romanis,
978 3448 1027 3511 ita
1057 3448 1204 3534 quidem,
1233 3452 1271 3512 ut
1301 3453 1361 3512 aut
1390 3471 1495 3513 unum

319 3552 524 3618 enuntiatum
554 3552 780 3617 secundarium
811 3552 907 3617 alteri
937 3553 1143 3619 subiunctunr
1176 3559 1235 3619 aut
1267 3555 1359 3640 prius
1390 3577 1494 3620 enun-

318 3661 437 3724 tiatum
457 3657 682 3723 secundarium
702 3659 805 3724 artius
824 3680 896 3724 cum
917 3662 1085 3727 enuntiato
1104 3662 1260 3747 primario
1281 3663 1496 3728 coniunctum

319 3769 419 3851 esset,
452 3787 549 3850 quam
580 3766 720 3830 alterum
750 3767 954 3831 enuntiatum
985 3769 1222 3852 secundarium,
1253 3769 1372 3854 quippe
1405 3769 1496 3854 quod

259 3911 261 3916 ,
318 3874 475 3958 penderet
493 3894 532 3936 ex
555 3871 622 3936 illis
650 3895 747 3937 unam
773 3874 866 3958 quasi
894 3874 1089 3939 sententiam
1121 3875 1345 3940 efficientibus
1393 3875 1496 3940 Dicta

319 3980 421 4063 igitur
450 3982 560 4043 essent
588 3980 687 4044 verba
722 3979 781 4044 illa
811 3985 868 4044 aut
896 4001 970 4063 pro:
1002 4017 1040 4027 -
1065 3985 1223 4065 apacati
1253 3986 1328 4046 sant
1355 3984 1497 4068 victores,

318 4091 368 4164 ut,
404 4086 653 4168 qula-arduam,
689 4086 759 4151 belli
796 4089 863 4150 lare
892 4088 1046 4172 caderent,
1083 4092 1140 4152 aut
1171 4111 1231 4173 pro
1267 4091 1364 4170 quod,
1402 4093 1496 4172 qaia·

318 4194 467 4277 arduam,
494 4194 654 4276 aspondi
681 4199 754 4258 sual
782 4195 921 4278 dicaces,
950 4199 987 4258 al
1014 4194 1084 4259 belli
1108 4197 1211 4277 potetas
1247 4197 1315 4260 lace
1341 4197 1497 4262 cuderent.

319 4298 383 4365 Sed
407 4298 436 4363 si
463 4300 524 4364 hac
551 4301 676 4365 ratione
705 4300 803 4365 verba
830 4305 943 4365 nostra
971 4301 1215 4386 transponimus
1243 4301 1276 4366 id
1304 4302 1432 4389 ipsum,
1461 4305 1497 4368 in

319 4427 383 4491 qno
424 4406 615 4491 offenditur,
650 4407 670 4470 i.
701 4430 727 4473 e.
767 4407 901 4471 insolita
938 4408 1098 4473 enuntiati
1138 4409 1179 4473 ab
1221 4413 1265 4473 ut
1302 4409 1498 4494 incipientis

319 4513 492 4578 collocatio
520 4513 751 4578 molestissime
779 4513 892 4578 fertur.
938 4513 1069 4578 Mlilleri
1099 4515 1202 4598 igitur
1232 4516 1389 4601 exemplis
1420 4540 1497 4602 pro·
