3204 5284
378 938 612 1043 Conspectus
638 960 773 1023 rerum
799 940 1066 1024 bmtctuuum

135 1244 390 1297 Praemittends:
1254 1257 1306 1298 use·
1346 1275 1353 1292 ·

170 1331 214 1386 De
233 1331 346 1402 scriptis
365 1331 467 1401 quibus
486 1331 580 1402 egitur
598 1331 633 1386 de
651 1330 742 1386 Tuoiti
759 1329 985 1400 breviloquentia
1004 1372 1234 1390 ......
1290 1342 1305 1389 1

170 1421 310 1476 Excursus
334 1422 370 1475 de
389 1419 595 1490 significatione
614 1423 699 1490 utque
717 1418 837 1476 historie
859 1418 1042 1475 terminorum
1061 1421 1235 1490 quorundum

225 1510 262 1564 ud
276 1527 323 1566 eus
338 1503 451 1566 dicendi
465 1509 569 1566 formes
579 1509 793 1582 pertinentium,
808 1525 879 1579 quse
889 1508 961 1563 fiunt
970 1525 1021 1580 per
1030 1509 1234 1566 detractionem
1288 1517 1305 1568 t

255 1618 276 1674 Ι.
295 1617 341 1672 De
363 1617 539 1673 brevitate
562 1613 755 1692 (βραχύτης)
779 1619 814 1671 et
835 1615 1097 1688 brachylogia.
1137 1661 1143 1673 .
1182 1661 1188 1674 .
1226 1661 1232 1674 .
1288 1626 1304 1675 6

241 1707 276 1761 ΙΙ.
295 1707 341 1762 De
365 1706 565 1778 aposiopesi
606 1747 1232 1764 ...............
1271 1713 1304 1762 12

228 1795 275 1850 ΙΠ.
294 1795 341 1850 Ι)6
364 1795 486 1866 ollipsi
513 1838 1232 1854 .................
1270 1803 1303 1852 22

332 1891 355 1940 1.
375 1901 446 1954 quse
465 1885 501 1939 ed
520 1885 669 1940 verborum
686 1884 805 1939 formum
825 1925 1232 1942 ..........
1270 1892 1303 1941 22

330 1981 354 2031 2.
374 1990 446 2043 quse
465 1974 501 2028 ed
520 1972 650 2045 syntuxin
667 1972 792 2044 pertinet
826 2014 1231 2032 ..........
1269 1981 1304 2029 24

228 2063 275 2119 IV.
294 2063 341 2118 De
360 2062 475 2133 figure
493 2059 559 2120 ἀπὸ
579 2064 699 2119 κοινοῦ
720 2062 812 2118 etde
831 2065 1007 2134 neugmate
1048 2103 1231 2120 .....
1269 2071 1304 2120 88

341 2245 389 2296 De
406 2244 580 2296 verborum
598 2243 770 2295 omissione
788 2245 841 2295 661
859 2243 1096 2308 suppressione.

131 2347 320 2404 Generalis
343 2349 507 2417 quaedem
556 2389 1230 2406 ................
1267 2357 1301 2406 42

169 2461 223 2521 61.
240 2456 365 2511 Verbum
383 2454 535 2522 omittitur,
554 2455 621 2525 quie
639 2454 707 2509 satis
725 2454 867 2510 indicetur

330 2552 353 2601 1.
374 2543 539 2599 adverbio
563 2543 704 2614 quodum
732 2585 1228 2602 ............
1266 2553 1300 2602 43

328 2641 352 2689 2.
373 2633 528 2689 ublutivo
552 2633 642 2688 modi
688 2675 1228 2692 .............
1266 2642 1301 2691 44

328 2730 352 2778 6.
373 2721 573 2778 accusativo
597 2721 728 2778 obiecti

407 2815 434 2883 s)
453 2813 606 2868 accedente
628 2812 744 2867 notione
766 2810 874 2867 moduli
896 2812 942 2867 vel
964 2810 1088 2867 dictione
1110 2828 1228 2883 proepo-

454 2900 593 2968 sitioneli3
644 2942 1228 2959 ..............
1265 2909 1299 2959 47
1377 2931 1393 2971 χ.

406 2990 436 3061 b)
456 2990 516 3046 solo
535 2989 698 3046 accusativo
717 2989 821 3045 obiecti
867 3032 1229 3048 .........
1266 2961 1403 3118 &sq

326 3087 351 3134 4.
370 3078 666 3151 praepositionsli
684 3077 838 3134 dictione
865 3120 1227 3138 .........
1265 3087 1299 3138 tt

327 3176 351 3225 6.
371 3185 451 3224 cusu
475 3167 628 3237 obliquo,
652 3185 735 3238 quem
754 3167 879 3238 seqnitur
897 3167 987 3224 oratio
1006 3166 1138 3237 oblique..
1177 3211 1182 3224 .
1220 3211 1226 3224 .
1265 3177 1299 3226 60

166 3281 220 3341 §t
240 3275 286 3330 De
312 3274 506 3330 enuntietis
529 3274 693 3330 brevibus
716 3278 858 3346 propter
880 3273 1052 3331 orationis
1075 3276 1228 3348 vigorem

290 3363 568 3434 gravitatemque
598 3404 1226 3424 ...............
1264 3373 1299 3423 60

236 3453 278 3508 Ι)6
298 3451 450 3507 enuntietis
470 3454 505 3509 sb
524 3453 597 3509 bino
615 3453 686 3510 iude
704 3454 784 3510 unde
801 3453 1002 3525 incipientibus
1042 3495 1225 3511 .....
1264 3461 1297 3510 62

167 3565 220 3625 §tt
237 3557 423 3625 Quaeritur
446 3577 511 3629 que.
528 3559 664 3616 ratione
683 3561 824 3616 Tacitus
844 3560 1034 3616 orationem
1052 3559 1227 3629 obliquum

289 3648 493 3719 pendentem
516 3649 642 3705 fecerit
664 3666 702 3705 ex
724 3649 865 3705 notione
889 3648 1025 3720 regenti
1040 3692 1225 3708 .....
1263 3657 1297 3706 66

342 3756 383 3810 De
402 3755 529 3812 oratione
548 3756 663 3827 oblique

251 3839 275 3897 t}
288 3844 401 3900 verbis
426 3845 601 3913 adiunctum

326 3941 349 3990 1.
358 3921 360 3927 ¹
369 3933 496 4003 sequitur
509 3951 543 3989 eu
556 3934 731 3990 enuntiatum
745 3934 909 4005 primarium
918 3934 1013 3992 verbis
1023 3934 1224 4006 sententiisque

366 4023 536 4079 absolutum.
573 4023 631 4078 Ant
649 4023 723 4079 enim

395 4114 427 4168 A.
446 4112 476 4166 in
489 4112 653 4183 praedicato
668 4115 746 4170 extet
759 4113 876 4169 verbum
889 4113 1002 4170 dicendi
1016 4115 1062 4170 vel
1075 4113 1224 4184 sentiendi,

448 4219 482 4256 ex
509 4219 563 4272 quo
589 4201 665 4274 ipso,
691 4220 754 4258 cum
778 4202 907 4259 obsolute
932 4203 1056 4275 positum
1080 4204 1224 4275 proprium
1337 4203 1344 4224 ‘

448 4289 586 4346 enuntiati
609 4291 652 4346 sui
675 4291 844 4349 sententium
866 4293 968 4348 reddet
985 4293 1110 4365 plenem,
1134 4291 1224 4348 cretio

447 4397 518 4450 quae
538 4379 664 4449 sequitur
680 4380 794 4452 oblique
807 4397 863 4437 non
876 4382 993 4454 pendet;
1013 4382 1167 4438 secundum
1180 4399 1223 4438 ru-

446 4469 552 4524 tionem
580 4469 792 4538 grammaticum
821 4473 870 4526 eut
894 4470 986 4541 ipsum
1011 4470 1083 4526 illud
1107 4471 1222 4527 verbum
