3204 5284
609 488 852 554 -101-

144 643 331 710 eumuna
362 647 501 730 insipniu
533 646 731 732 Nymphidio.
788 648 917 729 &mucii
942 651 1084 732 primum
1116 652 1233 718 oblutus
1264 659 1316 739 est,

136 773 241 834 pauca
263 757 397 836 repetem
427 756 460 819 et
479 777 509 839 q.
527 777 552 820 s.
598 753 717 822 Utrum
749 755 878 822 litteras
909 759 1062 842 quannc
1093 759 1252 824 dissmves
1280 761 1315 825 in

144 860 197 942 qui
220 861 298 942 puin
323 881 405 926 nune
424 858 686 949 (Weissenborn)
704 884 746 928 an
769 865 991 946 quiquoniam
1017 887 1100 931 nune
1121 863 1249 953 (Helm)
1273 890 1314 932 an

144 968 179 1030 de
200 988 261 1049 quo
284 968 358 1050 quie
379 989 462 1034 nmio
488 989 554 1036 non
581 969 720 1035 multum
748 971 894 1036 interest
940 970 1129 1058 Nipperdey
1158 973 1314 1039 maiorem

114 1073 117 1082 “
144 1073 294 1140 lacunam
323 1074 479 1140 indicavit
508 1080 585 1161 post
618 1074 876 1163 Nymphidio;
908 1080 1077 1144 evanuisse
1105 1080 1192 1145 enim
1219 1084 1315 1167 putat

144 1184 175 1245 et
197 1179 334 1246 verbnm
363 1183 508 1268 finitum,
536 1184 613 1269 quia
638 1184 749 1249 durius
775 1184 909 1250 verbum
935 1185 1079 1251 tribuit
1109 1196 1204 1253 antee
1229 1188 1314 1272 posi-

144 1291 214 1353 tum
237 1289 439 1374 cogitatione
468 1290 530 1356 hoe
559 1291 631 1356 loco
658 1295 838 1377 repetatur,
867 1296 902 1357 et
928 1292 1041 1377 verba,
1064 1291 1181 1377 quibus
1207 1316 1315 1360 narre

144 1397 212 1481 tur,
234 1395 477 1482 Nymphidium
500 1402 643 1462 creatum
668 1420 738 1464 esse
761 1397 961 1484 praefectum
984 1399 1162 1482 praetorio·
1194 1398 1257 1466 Sed
1279 1401 1314 1466 in

144 1503 318 1569 omissione
341 1503 432 1569 verbi
460 1503 604 1569 tribuit
633 1504 753 1570 offendi
774 1525 840 1570 non
873 1509 995 1591 potest3
1033 1506 1113 1570 satis
1144 1507 1229 1572 enim
1263 1508 1312 1574 in·

143 1610 267 1675 dicatur
293 1614 327 1675 et
350 1609 456 1675 verbis
480 1609 561 1696 ipsis
584 1613 762 1676 consularia
787 1613 926 1696 insipniu
945 1612 1184 1696 Nymphidio·
1202 1612 1313 1680 dativo

144 1717 344 1784 advertimus
367 1717 408 1782 ad
431 1717 646 1803 supplendam
669 1718 768 1784 dandi
790 1719 958 1786 notionem
977 1755 1018 1766 -·
1039 1723 1073 1785 et
1097 1720 1173 1806 quia
1199 1722 1312 1806 paullo

147 1829 212 1890 ante
236 1826 308 1890 iam
331 1829 382 1889 est
404 1823 557 1910 positum.
603 1824 760 1890 Maiorem
784 1829 894 1892 autem
917 1827 1080 1913 lacunam,
1103 1828 1155 1892 vel
1181 1829 1312 1894 omnino

146 1931 291 1998 lacunam
324 1931 465 1997 indicere
497 1953 561 1998 non
595 1931 686 2017 lieet,
718 1936 756 1997 ut
788 1933 869 1998 mihi
901 1934 1043 2020 videtur,
1074 1939 1209 2021 propter
1240 1935 1313 2021 ipse

144 2038 234 2104 verba
253 2041 294 2104 de
312 2059 370 2122 quo
388 2035 435 2125 (t)
454 2039 529 2121 quic
547 2059 630 2104 nune
647 2040 788 2122 primum
811 2041 928 2106 oblutus
950 2046 1005 2120 est,
1022 2062 1149 2125 puucu
1171 2048 1312 2125 repetem.

223 2146 303 2212 Huc
325 2146 491 2232 pertinent
513 2168 552 2211 ea
575 2146 732 2232 exempla,
755 2146 872 2233 quibus
895 2149 1138 2214 demonstratur
1161 2149 1311 2215 Tacitum

141 2275 236 2320 unum
265 2253 415 2338 idemque
443 2253 578 2319 verbum
606 2253 647 2318 ad
676 2275 776 2320 unum
805 2254 949 2320 eiusdem
975 2253 1103 2340 periodi
1131 2256 1310 2322 membrum

140 2360 201 2425 alia
229 2361 339 2426 forma
368 2359 516 2444 posuisse
546 2382 644 2444 quam
678 2361 720 2427 ad
749 2362 898 2427 alterum.
945 2359 1118 2428 Cotidiana
1152 2367 1203 2428 est
1230 2365 1311 2430 haec
1357 2401 1359 2407 ·

141 2467 301 2552 brevitas3
323 2489 426 2553 pauca
454 2467 556 2554 igitur
583 2468 745 2533 sufficiant
773 2469 931 2555 exempla
955 2507 996 2516 -
1021 2469 1229 2555 H.115,12:
1260 2473 1312 2538 sed

138 2575 300 2658 Aupustus
322 2575 358 2638 in
380 2575 468 2640 domo
489 2595 688 2641 successorem
710 2577 875 2661 praemunt,
906 2596 958 2658 epo
987 2578 1022 2640 in
1051 2597 1084 2640 re
1099 2578 1243 2660 mutium·
1266 2615 1310 2626 —

139 2681 180 2748 ib.
194 2683 246 2768 16,
265 2683 419 2746 11—14:
441 2682 570 2746 sitente
587 2683 688 2748 oeulos
707 2683 807 2767 Nero,
829 2703 918 2766 quem
938 2683 1029 2766 lonpu
1048 2681 1216 2750 Ouesurum
1232 2687 1311 2751 serie

139 2793 302 2854 tumentem
325 2809 387 2854 non
416 2788 534 2855 Viudec
563 2809 632 2854 cum
661 2791 776 2856 inermi
791 2791 955 2874 prommiu
984 2796 1040 2856 aut
1067 2811 1118 2874 epo
1147 2811 1216 2856 cum
1244 2813 1310 2858 unu

140 2897 266 2981 lcpione,
302 2897 355 2962 sed
388 2917 447 2962 sem
482 2897 676 2982 imminutus,
712 2917 772 2962 stru
812 2898 939 2962 tuumne
979 2897 1142 2963 corticibus
1175 2899 1310 2982 publecis

139 3005 334 3088 depulerunt
360 3039 399 3048 —
424 3002 467 3068 ib.
480 3003 533 3088 30,
548 3003 700 3070 16-172
722 3010 751 3069 et
772 3004 856 3069 Nero
877 3018 993 3087 quoque
1009 3025 1061 3070 uos
1079 3005 1224 3084 destituit,
1247 3027 1310 3072 non

138 3132 187 3176 vos
210 3109 381 3187 Neroneum
407 3149 446 3160 -
470 3108 594 3176 Anvl
621 3112 744 3196 46,17:
771 3111 883 3176 uermes
910 3110 992 3176 bunc
1014 3116 1059 3195 tn,
1086 3113 1201 3197 inquit,
1227 3118 1256 3177 et
1282 3118 1310 3178 tc

139 3219 228 3286 clius.
254 3215 481 3283 -Similiter
510 3239 549 3282 ex
580 3240 644 3283 uno
674 3217 843 3283 enuntiato
872 3217 1062 3283 secundario
1097 3220 1132 3283 in
1159 3219 1309 3307 alterum,

116 3326 200 3390 'etei
227 3328 405 3409 utrumque
434 3347 474 3390 ex
504 3323 569 3389 alio
597 3324 717 3409 pendet
746 3324 914 3390 enuntiato
942 3325 1112 3412 primario,
1139 3327 1310 3412 suppletur

139 3433 275 3498 verbum
306 3431 447 3496 finitum:
475 3430 536 3498 An.
553 3430 658 3517 1140,
683 3431 832 3497 13-15:
855 3434 1051 3515 percontanti
1075 3433 1209 3516 Tiberio,
1235 3435 1321 3515 prro?

139 3541 225 3606 noco
250 3520 389 3622 elprippu
404 3540 506 3619 fuctus
522 3544 604 3623 esset,
628 3540 816 3622 respondisse
831 3539 939 3624 fertur,
964 3540 1112 3622 quomodo
1137 3544 1170 3604 tu
1184 3538 1308 3607 Oucsur.

140 3647 220 3733 174,
239 3647 294 3712 19:
322 3667 393 3731 qno,
420 3647 534 3732 inquit,
558 3647 620 3711 leco
642 3647 785 3731 censebis,
809 3645 946 3712 Caesar?
975 3647 1005 3711 si
1027 3647 1167 3731 primm,
1196 3647 1308 3713 bubebo

139 3756 219 3836 quod
240 3774 367 3836 sepner:
390 3755 418 3818 si
435 3758 507 3835 post
529 3756 641 3839 omnis,
670 3774 772 3820 cerem
798 3774 836 3818 nc
857 3755 1036 3837 imprmdens
1057 3754 1244 3819 discentium.
1266 3791 1308 3800 —

141 3861 195 3947 76,
213 3861 365 3926 11-12:
397 3881 452 3925 cur
483 3861 666 3926 abstinuerit
699 3862 865 3943 spectando
896 3862 973 3945 ipse,
1010 3861 1095 3926 curie
1132 3860 1307 3928 cantans

140 3968 197 4033 clii
220 3969 319 4034 toedio
347 3972 459 4053 coetus,
486 3969 615 4051 quidum
638 3968 767 4033 mestitia
789 3969 906 4051 inpenii
928 3973 957 4032 ct
977 3971 1059 4032 metu
1081 3969 1309 4051 conpunctionis

141 4072 351 4160 (abstinuisse
373 4071 571 4161 trahebant).

227 4182 278 4248 Ex
292 4183 461 4248 enuntiato
477 4182 666 4248 secundario
685 4182 721 4246 in
735 4181 908 4247 dictionem
924 4180 1206 4267 appositionelem‚
1225 4203 1308 4267 qnae

140 4289 208 4356 viee
228 4290 389 4356 enuntiati
408 4289 590 4356 secundarii
608 4289 766 4376 fungitur,
785 4289 957 4374 suppletur
974 4288 1122 4353 verbum:
1141 4288 1308 4374 H.136,1:

140 4395 224 4462 nuuc
244 4397 354 4462 dubiae
375 4398 441 4460 ium
463 4399 498 4462 in
520 4398 630 4463 castris
652 4397 790 4462 omnium
813 4401 925 4460 mentes
953 4401 1113 4477 tentusque
1138 4397 1247 4481 arctor,
1274 4401 1310 4460 ut

140 4523 202 4568 uon
231 4505 362 4570 nnunn·
391 4505 513 4588 upmine
541 4511 570 4570 et
598 4503 774 4589 corporebus
809 4505 845 4568 in
873 4507 1026 4588 suppum,
1059 4503 1095 4568 in
1123 4524 1182 4586 quo
1208 4503 1308 4587 punto
