3242 5284
606 455 914 536 -rs--¹

134 613 320 680 umorue
334 633 442 698 necem,
465 615 559 679 simui
576 635 668 680 suum
685 615 798 680 cattus
815 615 975 698 especiem,
996 615 1096 680 soum
1113 617 1302 680 insidiarum

133 722 299 786 reruedium
323 741 392 806 esse,
414 729 443 787 si
465 743 527 787 uon
550 723 785 805 iutctwpcretum
808 723 949 804 misitque
973 722 1114 786 suenum
1128 723 1302 806 Aperiuum

134 832 166 893 et
180 850 210 912 q.
224 850 250 893 s.
285 826 521 894 Offendendum
540 835 591 894 est
613 829 647 893 in
667 850 715 913 eo,
738 830 824 914 quod
847 829 882 894 in
899 829 1007 913 priore
1026 829 1152 914 periodi
1169 835 1302 895 nostrae

133 941 225 1020 parte
260 936 392 1001 verbum
429 936 537 1021 abest,
576 935 662 1020 quod
695 934 880 1001 desiderant
916 941 950 1001 et
979 936 1153 1022 participia
1188 959 1301 1022 repu-

133 1046 220 1108 tans
252 1043 468 1108 observans
500 1040 697 1128 aspiciens
729 1045 763 1107 et
792 1042 898 1108 oratio
929 1043 1063 1128 obliqua
1092 1043 1302 1108 solum-in-

132 1149 401 1234 tellegeretur
423 1154 457 1214 et
486 1149 537 1234 id,
565 1149 651 1234 quod
679 1149 783 1214 alters
810 1150 913 1215 totius
941 1151 1068 1236 periodi
1097 1173 1172 1236 pars
1202 1150 1302 1236 perti·

134 1255 205 1320 onla
232 1278 304 1340 que
332 1253 515 1344 (misitque)
544 1256 736 1322 adnectitur.
780 1256 956 1323 Rhenanus
985 1257 1050 1323 iam
1078 1257 1201 1322 delerit
1229 1279 1301 1342 que

133 1366 165 1426 et
186 1362 288 1428 verba
308 1363 652 1446 sotum-iutetlcperetur
674 1385 830 1449 suspensa
853 1386 924 1430 esse
946 1365 1052 1432 voluit
1074 1385 1114 1429 ex
1128 1363 1301 1448 participio

133 1475 335 1556 reputans,
371 1471 428 1535 scd
467 1470 601 1536 obstant
639 1470 835 1556 interposita
873 1471 1048 1557 participia
1084 1472 1301 1536 observans

134 1577 344 1663 aspiciens,
377 1581 417 1642 ut
444 1582 530 1643 recte
564 1578 631 1643 iam
662 1579 790 1643 monuit
819 1578 985 1665 Walther3
1016 1601 1098 1663 quae
1130 1578 1158 1642 si
1188 1600 1301 1662 paren.-

134 1684 250 1750 thetice
280 1684 389 1770 posita
412 1689 482 1751 esse
505 1685 730 1770 intellegeres,
759 1686 1034 1752 constructionem
1065 1685 1226 1750 duriorem
1255 1684 1302 1749 fa-

138 1813 224 1858 ceres.
265 1791 294 1856 E
314 1791 475 1858 contrario
494 1793 733 1858 concedendurn
752 1797 802 1858 est
820 1797 949 1859 retenta
961 1793 1099 1859 lectione
1120 1781 1302 1876 misitque

140 1898 342 1964 omissionem
373 1899 465 1965 verbi
496 1899 582 1964 finiti
615 1900 655 1965 ad
688 1900 912 1966 antecedentia
943 1900 1137 1986 pertinentis
1169 1904 1303 1985 propter
1437 1919 1441 1926 ·

136 2007 308 2092 participia
329 2007 389 2072 illa
411 2006 584 2072 coniuncta
606 2006 737 2072 omnino
760 2006 839 2072 ferri
862 2029 927 2072 non
950 2028 1058 2093 posse,
1082 2029 1186 2092 neque
1210 2007 1301 2093 qnid-

135 2136 224 2198 quam
260 2114 399 2199 profecit
421 2111 624 2200 Nipperdey,
654 2135 727 2178 eum
758 2114 889 2181 doceret
912 2113 1047 2181 verbum
1071 2113 1200 2179 finitum
1231 2135 1302 2178 esse

134 2221 288 2288 omissum
308 2221 350 2286 ob
370 2243 532 2286 summum
551 2221 710 2286 orationis
728 2221 875 2308 rigorem
894 2227 927 2288 et
946 2221 1024 2308 quia
1042 2221 1081 2286 dc
1099 2220 1302 2306 Agrippinae

133 2327 397 2414 cogitationibus,
420 2333 457 2394 ut
479 2328 528 2393 ita
551 2328 665 2414 dicam,
688 2329 743 2414 agi
765 2328 976 2394 manifestum
995 2332 1090 2394 esset.
1136 2326 1301 2394 Orationis

132 2438 196 2501 tum
223 2436 386 2522 abruptae
414 2435 540 2500 nullum
568 2421 732 2501 invenitur
754 2436 938 2522 exemplum
966 2435 1052 2522 apud
1075 2434 1225 2500 Tacitum
1249 2430 1302 2518 (de

132 2543 289 2629 exemplis
319 2564 402 2628 quae
431 2542 465 2608 in
496 2542 653 2608 auxilium
683 2542 813 2609 vocarit
841 2541 1029 2628 Nipperdey
1059 2541 1139 2607 XIV
1155 2543 1187 2626 7,
1202 2542 1235 2626 33
1259 2576 1302 2586 -

133 2650 407 2736 8,180f.p.63s.
427 2652 461 2714 et
485 2646 555 2736 72);
577 2672 654 2715 nam
679 2650 771 2737 rigor
788 2650 858 2736 illa,
882 2673 946 2736 qno
970 2651 1037 2716 tale
1061 2649 1138 2734 quid
1161 2648 1303 2713 fortasse

133 2757 280 2822 excusari
293 2758 424 2843 poterit,
442 2756 538 2842 plane
557 2757 660 2843 abest,
679 2779 751 2823 cunr
762 2758 945 2844 Agrippina
964 2757 1167 2822 considerate
1181 2754 1302 2841 eogita-

133 2869 225 2951 teque
248 2864 475 2950 repntsvisset,
494 2885 576 2948 quae
595 2863 658 2930 sibi
676 2868 785 2930 essent
798 2865 955 2932 iacienda.
989 2864 1105 2949 Itaque
1119 2885 1177 2927 nec
1196 2862 1303 2927 deleta

132 2972 295 3056 particula
324 2993 395 3056 que
426 2993 486 3038 nec
517 2971 717 3056 cogitatione
748 2973 935 3058 suppletum
968 2971 1104 3036 verbum
1136 2969 1302 3054 cogitandi

133 3078 361 3146 difficultatem
392 3078 492 3144 tollit.
515 3113 559 3124 --
586 3077 655 3143 Alii
681 3079 815 3144 verbum
844 3079 1006 3164 quoddam
1033 3077 1067 3142 in
1096 3080 1224 3143 textum
1253 3099 1302 3142 re·

134 3186 319 3272 cipiendnm
352 3207 422 3252 esse
455 3186 639 3252 voluerunt:
671 3185 926 3272 Bezzenberger,
959 3207 1055 3272 quem
1092 3183 1195 3250 secuti
1228 3187 1304 3248 sunt

134 3293 382 3374 Orelli-Baiter,
401 3292 510 3378 Halm,
528 3291 636 3358 verbis
655 3315 742 3358 esse
765 3292 798 3357 si
817 3281 1013 3378 interposuit
1033 3292 1171 3377 sensit,
1196 3291 1304 3356 Rittcr

135 3397 249 3489 (1864)
280 3400 405 3466 addidit
433 3399 533 3465 vidit
565 3401 641 3464 ante
670 3399 874 3485 misitque;
902 3404 1054 3465 nentrum
1086 3399 1167 3464 mihi
1196 3399 1304 3483 placet

134 3509 184 3574 vel
219 3529 322 3594 aeque
363 3507 445 3572 mihi
479 3507 588 3592 placet
622 3528 659 3571 co
702 3505 870 3571 lenissima
908 3507 1106 3589 emendatio,
1147 3527 1230 3590 quae
1269 3504 1303 3568 in

135 3618 277 3681 mentem
299 3613 381 3679 mihi
399 3615 498 3700 venit,
521 3635 585 3699 qua
607 3617 802 3698 transponas
821 3614 920 3679 velim
934 3614 1017 3680 illud
1036 3636 1110 3699 que
1132 3611 1303 3694 (misitque)

134 3727 209 3807 post
233 3722 367 3788 solnm.
404 3718 543 3786 Callatis
558 3720 638 3786 locis
658 3725 695 3786 ut
712 3719 912 3806 H.1111,7;
932 3757 974 3768 -
994 3721 1046 3806 66,
1061 3718 1116 3804 4l5
1138 3720 1304 3784 dmuimeu

135 3851 171 3895 uc
191 3831 316 3896 ddecus
339 3831 519 3894 ostentantes
541 3833 570 3892 et
586 3829 678 3914 fidem
696 3830 731 3892 tu
750 3829 876 3894 letitiae
893 3829 1015 3893 eomes
1031 3848 1127 3892 nemo
1146 3826 1181 3890 in
1198 3826 1304 3890 forma

136 3936 292 4004 orationis
325 3935 482 4020 offendet3
512 3938 680 4021 praeterea
717 3957 755 4000 ex
795 3935 893 4000 verbo
930 3937 1063 4020 aspicere
1099 3931 1191 3998 notio
1228 3953 1302 3998 con·

137 4043 299 4110 siderandi
315 4043 401 4108 sumi
420 4064 517 4128 posse
530 4043 772 4108 demonstratur
791 4042 872 4108 loeis
888 4041 984 4108 ΗΠ
995 4043 1025 4128 8,
1037 4041 1147 4107 8-9:
1163 4044 1192 4104 et
1203 4040 1305 4104 uultus

136 4173 251 4234 quoque
276 4169 313 4216 uo
338 4171 490 4216 sermones
516 4151 654 4215 omniurn
678 4151 930 4234 circumspectans
955 4154 989 4215 et
1012 4148 1073 4214 An.
1083 4146 1162 4213 XIV
1174 4147 1226 4232 33,
1238 4145 1304 4231 4l5:

137 4260 351 4346 assummectu
373 4259 580 4341 infrequentia
602 4258 712 4323 militis
738 4259 873 4340 satisque
902 4259 1025 4340 ruuputs
1052 4255 1238 4322 suanensis
1266 4258 1304 4318 te-

137 4368 306 4432 meritatem
338 4365 445 4430 Petilii
480 4366 639 4430 aeuum
670 4362 724 4452 (cf.
737 4364 837 4450 Nipp.
851 4364 891 4430 cd
906 4364 938 4430 h.
952 4361 997 4451 1.).
1050 4363 1156 4449 Leges
1189 4362 1305 4448 igitur:

138 4473 211 4540 utu
231 4477 377 4560 repetens
448 4473 683 4558 obseruaus...,
704 4473 799 4538 suut
825 4493 918 4538 surum
943 4471 1057 4537 uulnus
1083 4471 1234 4554 aspiciem
1260 4489 1304 4536 so·
