3242 5284
687 462 882 526 ..γ-

203 615 289 696 λέξει
311 620 359 696 εἰς
382 615 445 686 δύο
468 621 627 706 χρῆσθαι,
649 619 705 687 καὶ
727 621 948 704 παλιλλογίαν
971 617 1032 705 τὴν
1057 618 1226 707 σύντομον
1250 621 1285 688 έκ
1303 624 1371 694 τῶν

203 725 315 809 μεριὸν
338 720 511 811 ἀφαιρεῖν,
536 725 574 793 έν
596 723 633 792 δὲ
655 739 728 805 ταῖς
749 732 915 806 τελευταῖς
932 724 1041 814 μόνον
1063 732 1286 814 παλιλλογεῖυ.
1315 727 1372 794 καὶ

201 830 324 897 τοῦτον
347 828 408 917 μὲν
430 827 492 898 τὸν
513 830 642 919 τρόπον
664 836 799 919 βραχεῖς
815 829 894 912 τοὺς
911 831 1033 920 λόγους
1055 831 1250 920 ποιήσομεν.

292 937 382 1006 Haeo
410 940 510 1005 verba
539 963 605 1006 non
635 945 780 1026 spectare
810 941 850 1006 ad
881 945 1002 1008 eertum
1037 942 1199 1027 quandam
1232 943 1371 1028 figuram

202 1067 328 1131 sarum,
351 1069 434 1132 quae
457 1048 540 1112 fiunt
557 1069 616 1131 per
638 1048 884 1135 detractionem,
906 1053 1011 1134 patet3
1034 1048 1203 1134 quodiam
1225 1050 1305 1115 ratis
1324 1050 1371 1114 in-

201 1152 317 1239 tellegi
343 1156 455 1238 potest
484 1175 522 1218 ex
552 1175 605 1239 so,
635 1156 721 1240 quod
751 1155 849 1222 etiam
878 1154 1016 1220 termino
1045 1145 1105 1220 illo
1131 1156 1370 1240 παλιλλογία

201 1281 267 1324 non
285 1260 390 1346 figura
408 1259 566 1345 qutedam
579 1260 621 1325 ab
640 1261 714 1327 aliis
728 1260 911 1328 rhetoribus
926 1256 1195 1339 ἆναδίπλοσις
1215 1256 1369 1328 relolvol-

202 1365 318 1449 ληψις
332 1362 575 1451 (otAlexander
584 1366 740 1434 Numenii
754 1366 998 1453 apWaluVlII
1008 1368 1119 1453 poss,
1133 1367 1371 1454 Speng.11129,

201 1472 327 1557 Kayser
350 1471 498 1540 Oornifio.
517 1474 564 1538 ed.
583 1497 613 1559 p.
632 1473 711 1561 296)
734 1478 850 1540 vocata
877 1474 1094 1560 significatur3
1121 1475 1221 1540 immo
1249 1475 1370 1540 Anaxi·
1435 1457 1438 1465 ’

201 1600 310 1645 menes
333 1579 367 1644 id
391 1581 498 1645 solnm
516 1581 599 1666 egit,
622 1585 659 1647 ut
676 1581 828 1666 vulgares
848 1580 1004 1667 quasdam
1022 1580 1111 1667 leges
1130 1581 1172 1646 ad
1190 1581 1370 1647 orationem

203 1685 237 1752 in
258 1685 354 1753 breve
379 1687 630 1753 contrahendam
650 1693 744 1775 aptas
762 1686 984 1754 eonstitueret.
1021 1685 1083 1752 Est
1104 1687 1208 1774 igitur
1224 1689 1368 1771 βραχυ-

206 1797 334 1876 λογεῑυ
358 1793 449 1859 notio
472 1795 648 1881 generalis,
671 1795 723 1861 oui
746 1796 838 1880 quasi
862 1794 986 1879 speeies
1009 1793 1214 1860 subiciuntur
1234 1794 1309 1860 hae:

292 1901 319 1965 l.
343 1893 437 1966 ὅλον
461 1896 503 1965 τὸ
523 1901 680 1985 πρᾶγμα
701 1898 760 1966 ἑνὶ
784 1894 950 1986 ὀνόματι
970 1895 1282 1986 περιλαμβάνειν
1305 1897 1369 1964 καὶ

201 2003 342 2096 τούτῳ,
367 1999 448 2072 δᾶν
472 1999 625 2094 δπάρχη
657 2003 905 2093 βραχύτατον
924 2009 973 2098 τῷ
992 2003 1203 2092 πράγματι,
1225 2007 1245 2072 i.
1262 2030 1286 2073 e.
1300 2029 1369 2072 rem

200 2113 363 2199 quandam
386 2137 450 2179 una
472 2115 606 2180 notione
629 2136 729 2200 eaque
757 2118 862 2181 totam
889 2135 957 2180 rem
986 2117 1134 2179 aeourate
1161 2113 1368 2198 eomprehen-

200 2220 296 2285 dente
315 2219 498 2308 significare
521 2220 652 2286 omissis
676 2220 881 2306 synonymis,
907 2219 1126 2304 hendiadyoin
1152 2219 1258 2304 figura
1285 2241 1368 2304 quae

200 2327 336 2413 dieitur,
358 2327 560 2413 pleonasmo,
585 2326 756 2394 similibus.

289 2436 318 2500 2.
343 2431 590 2520 συνδέσμους
609 2428 770 2517 ὀλίγους
789 2443 936 2518 ποιεῖν,
965 2427 1012 2498 τὰ
1039 2436 1200 2497 πλεῖστα
1226 2429 1267 2498 δὲ
1287 2436 1367 2512 ζευ-

199 2536 343 2623 γνύναι
361 2541 381 2607 i.
393 2563 418 2608 e.
428 2540 589 2625 neglectis
607 2539 776 2627 particulis
794 2539 988 2625 copulativis
1007 2538 1163 2624 pleraque
1181 2537 1368 2625 asyndetiee

198 2648 404 2733 coniungere

288 2755 317 2820 3.
341 2758 446 2820 totam
470 2753 649 2820 orationem
678 2754 727 2819 ita
754 2753 967 2840 conformare,
996 2756 1033 2818 ut
1060 2751 1198 2818 artifieio
1226 2753 1266 2818 ad
1295 2775 1367 2818 eum

199 2860 382 2947 augendam
405 2860 600 2946 uberiusque
623 2859 804 2926 faciendam
827 2848 1056 2926 a'rhetoribus
1079 2859 1213 2926 inventa
1234 2882 1367 2945 prorsus

199 2968 387 3053 reiciantur,
416 2967 464 3033 ita
487 2972 525 3033 ut
551 2969 806 3052 παλιλλογίαι
829 2965 878 3052 (=
897 2961 1278 3055 ἆνακεφαλαιοίσεις)
1301 2966 1322 3033 1.
1342 2989 1367 3032 e.

199 3074 484 3160 recapitulationes
511 3075 625 3141 breves
653 3096 718 3141 non
745 3074 779 3139 in
806 3072 945 3161 singulis
972 3072 1133 3159 partibus,
1161 3073 1217 3139 ssd
1244 3073 1277 3140 in
1305 3074 1368 3170 fine

199 3181 301 3248 totius
324 3181 483 3246 orationis
506 3181 730 3247 adhibeantur.

289 3286 447 3354 Similiter
462 3287 631 3375 Trypho,
649 3284 724 3370 περὶ
737 3281 872 3370 τρόπον
886 3281 994 3372 (Walz
1009 3287 1029 3352 l.
1044 3286 1064 3351 l.
1079 3286 1142 3352 rol.
1157 3285 1238 3353 VIH
1252 3280 1368 3373 pstor,

200 3392 341 3480 Spengel
363 3395 414 3460 III
434 3419 463 3480 p.
483 3391 562 3481 202)
598 3393 730 3480 scripsit
759 3393 800 3458 ad
829 3396 960 3478 tropum
991 3394 1185 3477 συντομία
1217 3397 1368 3458 vocatum

200 3501 438 3585 explicandum:
473 3503 637 3585 συντομία
672 3497 740 3566 ἐστὶ
770 3494 894 3583 φράσις
925 3493 1009 3564 αὐτὰ
1041 3493 1082 3563 τδι
1113 3494 1277 3583 ἀναγκαῖα
1307 3501 1368 3564 τοῦ

200 3606 411 3692 δηλουμένου
435 3610 572 3692 ἔχουσα,
595 3606 681 3693 quod
696 3606 807 3692 paullo
827 3605 957 3671 uberius
976 3606 1168 3671 retractavit
1181 3604 1216 3671 P.
1231 3605 1367 3670 Aelius

199 3713 395 3781 Aristides
411 3711 472 3802 (ed.
487 3713 630 3779 Dindorf
640 3713 786 3799 volle.
803 3714 876 3798 756,
886 3710 980 3777 Walz
995 3712 1042 3777 IX
1052 3736 1081 3797 p.
1092 3713 1167 3798 394,
1182 3710 1323 3797 Spengel
1334 3712 1367 3776 II

200 3846 229 3907 p.
243 3819 323 3908 500)
347 3820 435 3886 hisee
458 3820 582 3887 verbis:

286 3923 381 3994 Κατὰ
400 3925 490 4002 λέξιν
514 3923 551 3993 δὲ
574 3929 702 4011 γίνεται
724 3921 890 4012 βραχύτης
916 3923 972 3991 καί
999 3927 1176 4011 συντομία,
1206 3919 1287 3990 ὅταν
1318 3949 1368 4002 τις

199 4029 243 4119 μη
266 4045 338 4112 ταῖς
360 4044 649 4118 παραφραστικαῖς
666 4032 1019 4116 [περιφραστικαῖςεολ
1039 4030 1123 4113 εδδ]
1147 4033 1215 4097 τῶν
1235 4029 1368 4117 λέξεων,

199 4134 283 4207 ἀλλὰ
305 4152 377 4218 ταῖς
400 4134 549 4218 εὐθείαις
572 4138 700 4225 χρῆται,
724 4134 806 4205 ὅταν
829 4135 874 4223 μὴ
898 4138 1136 4222 ἐπαγωνίζηται
1158 4138 1198 4223 τῇ
1219 4135 1304 4212 λέξει
1325 4134 1367 4202 τὰ

200 4245 471 4331 ἰσοδυναμοῦντα
511 4244 724 4330 παρατιθεὶς,
766 4241 851 4311 ἀλλὰ
891 4239 1044 4329 δηλώσας
1081 4239 1118 4310 τὸ
1154 4244 1288 4328 πρᾶγμα
1326 4244 1366 4330 τῇ

200 4352 408 4440 σημαινούση
429 4351 513 4428 λέξει
537 4348 641 4430 εὐθὺς
663 4348 837 4438 ἀπαλλαγῇ
862 4349 917 4417 καὶ
940 4349 977 4417 έν
1001 4346 1116 4440 ὀλίγςο,
1139 4348 1193 4416 καὶ
1213 4344 1294 4416 ὅταν
1316 4375 1368 4427 τις

198 4455 244 4546 μὴ
267 4461 479 4546 φιλοτιμῆται
501 4455 584 4545 πρὸς
613 4456 675 4544 τὴν
703 4459 807 4542 λέξιν,
835 4453 919 4523 ἀλλὰ
945 4456 1001 4524 καλ
1023 4454 1106 4542 πρὸς
1128 4452 1167 4523 τδι
1193 4453 1368 4542 πράγματα
