3204 5284
610 452 852 518 -137-

134 611 242 678 lectio
265 611 447 679 defenditur
470 618 650 699 zeugmate,
673 635 737 699 quo
755 613 847 680 notio
870 613 1138 701 perlustrandi
1158 614 1198 678 ad
1218 636 1315 680 mem-

134 720 241 784 brum
277 719 423 803 proxime
456 720 649 787 antecedens
687 743 725 786 ex
766 720 979 808 persultari
1015 719 1235 806 intellegitur,
1274 720 1315 786 ad

134 826 287 912 primum
305 828 486 894 membrum
504 828 596 894 notio
616 827 902 914 progrediendi.
938 826 1011 894 Hoc
1024 828 1231 894 artificiosius
1251 831 1316 914 est,

134 933 268 1000 scribas
301 956 373 999 cum
400 934 565 1002 Urlichsio
590 935 796 1021 perlustrare,
832 934 919 1021 quod
952 935 1051 1002 etiam
1084 935 1145 1001 Ed.
1159 935 1317 1021 Wolfflm,

134 1041 239 1108 Burs.
255 1040 404 1108 Jahresb.
422 1043 507 1109 1875
525 1042 558 1108 Π
572 1068 603 1129 p.
619 1043 681 1108 767
712 1042 967 1128 commendavit,
998 1066 1037 1108 ex
1067 1065 1132 1128 quo
1163 1043 1316 1130 suppleas

135 1153 221 1236 post
249 1151 408 1233 indopinio
439 1152 527 1216 modo
555 1150 724 1216 notionem
757 1149 1006 1235 pervagandi.
1052 1148 1239 1216 Violentius
1268 1151 1315 1216 la-

136 1278 262 1322 cunam
290 1256 446 1324 indicavit
468 1261 544 1343 post
570 1259 659 1322 modo
681 1256 871 1343 Nipperdey
886 1304 911 1321 ..
926 1279 1025 1343 quam
1055 1258 1317 1324 emendationem

137 1364 291 1430 laudavit
307 1364 476 1431 Andresen
497 1387 601 1450 nuper
623 1363 659 1430 in
676 1363 698 1431 J
700 1363 828 1430 chresb.
844 1364 929 1430 1878
943 1388 974 1449 p.
992 1365 1071 1449 2623
1095 1364 1151 1430 sed
1174 1387 1261 1431 nunc
1282 1366 1317 1431 in

137 1472 325 1540 novissima
338 1471 480 1538 editione
498 1474 629 1538 secutus
648 1471 790 1556 vestigia
807 1470 973 1538 codicisA
992 1473 1124 1558 scripsit
1134 1474 1317 1556 perndtore.

234 1577 342 1646 Germ.
358 1581 388 1664 7,
404 1579 458 1646 15:
481 1578 590 1666 agitur
614 1577 653 1644 dc
675 1578 909 1644 Germanorum
928 1579 1095 1666 pugnandi
1114 1581 1253 1647 ratione:
1276 1583 1320 1646 nd

79 1723 88 1736 ·
143 1691 268 1765 matres,
286 1687 330 1751 ud
345 1681 486 1770 e‘oninpes
503 1685 627 1752 oobrem
643 1686 765 1767 fernnt;
789 1707 843 1752 nec
861 1686 934 1752 illue
950 1707 1115 1752 numnnre
1130 1693 1187 1752 ont
1202 1689 1319 1771 eripere

146 1795 253 1877 pluqae
269 1798 392 1879 pavent,
414 1794 551 1876 cibosque
572 1798 602 1858 et
624 1793 802 1858 nnana
820 1797 949 1876 pectant.
995 1792 1098 1879 Kritz,
1121 1792 1318 1860 Sohweizer-

34 1931 36 1936 ·
151 1899 261 1988 Sidler,
284 1901 432 1986 Draeger
456 1900 513 1966 alii
531 1899 731 1988 intellegunt
754 1923 792 1966 ex
813 1904 974 1988 gestant
992 1900 1034 1966 ad
1052 1923 1164 1968 vocem
1183 1902 1317 1969 horta·

147 2009 250 2074 mina
272 2008 438 2076 notionem
462 2008 648 2095 generalem
672 2007 798 2074 ferendi
820 2008 982 2074 translato
1006 2030 1103 2074 sensu
1126 2009 1318 2094 praeditam.

144 2115 210 2183 Sed
241 2116 338 2201 plane
370 2116 620 2201 improbandum
653 2120 705 2182 est
737 2119 871 2200 propter
907 2115 1153 2182 insolentiorem
1190 2115 1317 2183 dicendi

142 2224 300 2309 formam,
330 2244 396 2309 qua
416 2223 451 2288 in
472 2223 581 2288 locum
603 2222 694 2288 verbi
718 2245 757 2288 ex
780 2243 839 2286 suo
862 2222 934 2288 loco
957 2221 998 2286 ad
1022 2223 1203 2288 membrum
1228 2228 1317 2289 ante·

142 2331 262 2422 cedens
286 2329 379 2415 qnasi
402 2330 560 2396 subtracti
584 2329 672 2394 aliud
696 2329 830 2394 verbum
855 2329 1033 2414 suppletur.
1075 2329 1212 2396 Nullum
1235 2329 1318 2396 eius-

142 2420 241 2504 modi
258 2437 443 2523 exemplum
470 2440 569 2502 extat.
614 2435 811 2502 Hortamina
836 2456 903 2500 non
930 2439 1007 2502 sunt
1036 2436 1108 2502 sole
1136 2437 1236 2503 verba
1264 2461 1317 2503 ex·

141 2545 299 2612 hortandi
322 2566 420 2610 causa
443 2544 539 2629 dicta,
561 2545 618 2610 sed
641 2543 741 2610 etiam
764 2565 816 2608 res
840 2543 873 2608 in
897 2542 1034 2608 eundem
1052 2543 1152 2608 finem
1174 2543 1318 2610 adlatae:

144 2653 185 2720 oi.
201 2675 240 2718 ea
263 2675 345 2738 quae
369 2651 565 2718 antecedunt
587 2651 703 2736 effiptes
729 2652 870 2734 8181988
898 2651 1049 2733 quaedum
1077 2652 1214 2716 denoetu
1243 2653 1319 2718 nors

144 2763 180 2825 in
205 2761 362 2844 proelium
392 2759 513 2844 fnnnt,
544 2759 565 2824 i.
585 2781 610 2824 e.
642 2757 777 2824 Mittel
814 2779 881 2824 cur
912 2756 1244 2843 Auimunterung:
1280 2759 1319 2824 cf.

145 2868 248 2934 etiam
264 2866 304 2932 H.
321 2865 498 2951 1V1s,12.
534 2865 682 2932 Taciturn
704 2866 834 2951 saepius
853 2864 1095 2932 substantivum
1118 2865 1320 2932 abstractum

145 2959 296 3061 posuisse
316 2995 373 3060 pro
388 2977 538 3040 concreto
554 2972 665 3040 docuit
677 2972 834 3058 Draeger,
852 2971 938 3056 Synt.
952 2974 1019 3037 nnd
1031 2971 1092 3038 sto
1104 2973 1156 3038 des
1172 2973 1244 3038 Tne.
1258 2975 1278 3053 §
1290 2973 1320 3040 3.

237 3080 375 3166 Propter
406 3081 542 3146 eandem
574 3081 694 3146 malam
721 3079 895 3148 verborum
925 3078 1173 3145 collocationem
1200 3079 1321 3146 Hercei

146 3188 324 3274 explicatio
356 3187 519 3254 reicienda
555 3192 619 3273 est,
651 3209 716 3272 qua
739 3186 780 3253 H.
794 3186 809 3252 I
825 3187 883 3271 23,
901 3186 967 3249 9—
980 3186 1034 3252 11:
1065 3207 1135 3252 enne
1167 3184 1320 3274 (milites)

146 3296 340 3380 Campaniae
376 3295 461 3360 lones
497 3301 525 3360 et
552 3294 690 3360 Achaiae
724 3295 813 3360 nrbes
846 3293 993 3360 elassibus
1030 3295 1117 3360 adire
1151 3295 1235 3360 soen
1256 3294 1319 3376 Pp-

144 3423 293 3468 rennenm
322 3408 351 3468 et
371 3403 467 3485 Alpes
501 3408 530 3467 et
557 3403 698 3468 incenso
732 3403 858 3466 nicrum
890 3402 994 3485 spotti
1022 3421 1110 3484 oepre
1138 3403 1193 3467 snb
1222 3402 1321 3466 armoe

145 3512 333 3576 eniterentur
359 3509 393 3574 in
423 3510 532 3575 locum
561 3509 653 3574 verbi
684 3509 944 3594 eniterentur,
975 3506 1060 3593 quod
1091 3508 1131 3572 ad
1162 3509 1233 3574 sola
1261 3507 1321 3573 illa

145 3618 266 3684 itinera
292 3640 351 3703 per
374 3621 501 3682 montes
524 3615 683 3701 Pyrenaei
701 3614 900 3702 Alpiumque
926 3615 1015 3680 facta
1041 3614 1321 3680 accommodatum

147 3730 250 3812 esset,
283 3723 450 3810 supplevit
486 3723 620 3789 verbum
657 3724 810 3790 emetiri
846 3724 899 3789 vel
935 3721 1145 3787 conficere.
1191 3718 1255 3786 Sed
1287 3724 1321 3785 et

147 3833 247 3900 eniti
270 3832 304 3897 in
329 3832 515 3897 universum
543 3832 583 3897 ad
606 3831 640 3897 id
663 3831 816 3915 refertur,
845 3829 931 3915 quod
956 3849 1083 3894 summo
1106 3828 1217 3893 labore
1247 3849 1320 3892 con·

146 3941 270 4025 ficitur,
294 3944 327 4006 et
349 3963 391 4006 ne
413 3962 479 4005 una
501 3938 632 4025 quidem
655 3938 767 4003 littera
790 3935 929 4020 scriptor
947 3939 1058 4001 noster
1081 3935 1238 4000 indicavit
1260 3934 1320 3998 inr-

147 4070 262 4114 mensa
284 4047 344 4113 illa
365 4046 492 4112 viarum
515 4045 622 4131 spatia
644 4043 791 4110 confecta
813 4064 885 4108 ease
908 4042 942 4106 in
965 4064 1068 4127 aequo
1091 4042 1262 4127 planoque.

239 4153 329 4220 Ib.H
341 4154 393 4238 35,
410 4152 478 4235 lfa:
501 4158 530 4217 et
541 4157 608 4217 erat
620 4151 725 4216 insnln
738 4171 829 4215 omne
846 4150 958 4233 medic,
979 4151 1014 4214 in
1027 4170 1121 4233 qnnnn
1136 4150 1322 4233 yzaontnes

147 4262 279 4330 enen
301 4262 470 4345 notiones,
489 4259 642 4326 Germani
669 4258 773 4324 nnrrdo
798 4256 1051 4340 perlotebnntnr:
1080 4257 1147 4321 cod.
1168 4255 1321 4338 pretabe-
1410 4321 1415 4334 ,

148 4373 278 4438 benna·
307 4389 388 4434 corr.
405 4365 512 4433 Helm.
537 4365 689 4452 Ruperti,
711 4363 873 4449 Heraeus,
903 4363 960 4428 alii
984 4363 1024 4427 ad
1046 4363 1137 4448 prius
1161 4361 1322 4428 enuntiati

150 4476 281 4546 relativi
299 4474 480 4541 membrum
500 4472 758 4558 subintellegunt
777 4470 1021 4537 vehebantur
1042 4471 1095 4536 vel
1114 4468 1321 4535 contende-
