3242 5284
780 483 1001 548 ...34-

304 644 469 708 saeculum
511 643 680 708 durabant.
733 642 773 707 ln
810 643 1011 706 Minervae
1048 643 1110 706 vol.
1131 642 1165 706 ll
1186 666 1217 726 p.
1241 643 1299 704 1-
1311 641 1378 705 413
1417 638 1483 726 (ed.

305 749 339 814 G.
356 749 393 815 Is,
407 750 515 816 Bauer
541 747 639 836 1801)
667 749 807 835 ineptias
836 771 911 814 suas
941 750 1121 834 proposuit.
1167 747 1336 814 Summum
1368 751 1482 812 autem
1527 793 1531 801 -

304 857 421 922 vitium
451 879 489 922 ex
518 877 581 941 quo
612 859 719 921 cetera
745 859 824 922 nata
854 861 931 920 sunt
960 855 1110 941 admisit,
1140 855 1225 940 quod
1254 855 1380 939 figuras
1405 875 1482 918 con·

303 963 501 1048 structionis,
524 962 641 1047 quibus
665 962 857 1029 adnumerat
880 963 1024 1047 ellipsin,
1047 962 1244 1027 anomaliam
1273 983 1344 1026 esse
1371 960 1483 1044 iussit,

304 1091 377 1134 cum
400 1091 460 1134 nos
484 1070 716 1134 contendamus
743 1071 866 1154 figuras
894 1091 964 1134 esse
987 1070 1091 1134 instas
1114 1068 1273 1134 orationis
1295 1067 1421 1132 formas
1441 1089 1482 1132 ex

302 1176 384 1262 ipsis
406 1176 540 1260 linguae
559 1176 687 1261 legibus
707 1177 840 1262 eiusque
855 1175 998 1261 ingenio,
1020 1180 1059 1240 nt
1074 1176 1123 1241 ita
1140 1175 1255 1259 dicam,
1278 1175 1481 1260 progenitas.

303 1282 374 1358 Quo
397 1282 521 1349 factum
544 1288 603 1368 est,
627 1288 665 1348 ut
687 1283 818 1348 doceret
840 1282 963 1366 ellipsin
985 1304 1047 1376 csse
1068 1282 1217 1363 defectum
1239 1283 1285 1346 vel
1307 1280 1482 1346 dictionum

302 1391 346 1454 cd
367 1389 537 1472 lepitirnorn
566 1395 832 1475 constructionem,
859 1390 879 1455 i.
909 1412 934 1455 e.
964 1390 1171 1476 illegitimam
1196 1393 1294 1473 atque
1322 1388 1481 1452 vitiosam

276 1496 461 1562 norationis
480 1494 629 1562 formam.
666 1497 833 1574 Quaenam
852 1500 902 1561 est
921 1497 1119 1562 constructio
1133 1496 1284 1579 legitima
1302 1516 1341 1560 ex
1353 1493 1481 1560 Sanctii

301 1603 471 1668 doctrina?
517 1603 678 1688 Exempla
702 1626 814 1670 omnes
837 1604 871 1668 in
893 1605 980 1669 hane
1007 1603 1231 1688 quaestionem
1259 1602 1480 1686 inquisituros

301 1710 464 1774 docebunt
487 1731 559 1774 eam
582 1731 668 1795 esse,
691 1733 755 1795 qua
778 1733 929 1796 expresse
953 1710 1158 1795 propriisque
1185 1709 1294 1774 verbis
1318 1709 1482 1793 dicantur,

301 1838 511 1901 quaecunque
526 1816 567 1880 ab
585 1823 714 1882 oratore
733 1817 925 1902 cogitentur,
944 1818 992 1883 ita
1006 1820 1042 1881 ut
1055 1817 1238 1882 necessario
1253 1816 1482 1900 suppleantur,

300 1945 384 2007 quae
413 1927 524 1987 orator
553 1924 713 2007 cogitavit
741 1924 886 2009 quidem,
916 1925 972 1990 sed
1002 1924 1152 1990 consulto
1182 1923 1374 2009 suppressit.
1421 1920 1480 1988 Ni-

300 2030 420 2094 mirum
442 2031 509 2094 tale
532 2035 741 2116 praeceptum
760 2031 857 2115 plane
876 2032 1066 2115 ambiguum
1086 2030 1253 2096 Sanctium
1273 2053 1311 2095 eo
1331 2029 1481 2115 adduxit,

299 2140 338 2201 ut
353 2174 404 2200 .-
428 2136 514 2221 quod
538 2137 678 2222 exempli
702 2159 800 2200 causa
818 2159 858 2202 ex
876 2138 989 2214 multis
1015 2139 1177 2203 erroribus
1196 2138 1251 2203 hie
1273 2141 1418 2221 ponatur
1439 2175 1476 2186 -

299 2266 433 2308 casuum
457 2248 632 2327 syntaxeos
657 2244 832 2308 maximam
856 2248 985 2329 partem
1002 2246 1099 2329 plene
1118 2246 1228 2330 inepte
1247 2243 1481 2328 conformaret,

299 2352 376 2436 quia
398 2373 463 2415 non
496 2350 601 2435 ipsam
637 2371 769 2415 casuum
793 2351 859 2415 vim
891 2352 1072 2436 perspicere
1103 2352 1244 2436 studuit,
1277 2352 1334 2416 sed
1362 2374 1479 2418 eorum

298 2457 571 2542 significationem
604 2456 779 2522 omissione
810 2458 1089 2541 praepositionum
1122 2459 1217 2542 quasi
1248 2459 1282 2522 in
1315 2459 1480 2525 auxilium

298 2568 414 2628 vocata
428 2563 624 2653 explanavit.
661 2562 707 2628 Ut
721 2563 783 2628 hoc
797 2586 896 2627 unum
912 2565 1053 2650 afferam,
1075 2565 1262 2651 genetivum
1280 2567 1479 2650 partitivum

298 2670 436 2756 pendere
455 2661 643 2734 ex'omissis
662 2670 797 2735 vocibus
816 2693 1023 2736 exnumero
1044 2669 1097 2758 (cf.
1109 2697 1140 2757 p.
1154 2669 1212 2758 25)
1233 2672 1358 2759 docuit,
1377 2675 1480 2740 verba

296 2777 529 2861 impersonalia
541 2799 606 2842 non
622 2798 692 2841 esse
704 2777 944 2864 impersonalia,
955 2779 1011 2843 sed
1026 2779 1145 2863 ubique
1157 2779 1296 2844 subiecti
1306 2781 1480 2846 notionem

297 2906 368 2948 esse
396 2882 624 2968 supplendam:
651 2888 688 2947 ut
715 2883 820 2967 pluit
846 2906 905 2968 pro
934 2884 1066 2969 pluvia
1093 2886 1198 2970 pluit
1226 2887 1293 2971 vel,
1321 2888 1401 2971 quia
1428 2889 1479 2953 in-

296 2990 470 3055 transitiva
497 2990 598 3054 verba
625 2989 734 3074 ellipsi
760 2991 963 3073 pronominis
992 3014 1033 3056 se
1056 2997 1165 3058 essent
1189 2998 1262 3057 orta
1285 3015 1324 3058 ex
1354 2996 1478 3061 transi·

296 3097 388 3182 tivis,
416 3119 476 3180 pro
500 3096 638 3180 pluvia
661 3118 702 3160 se
725 3096 830 3180 pluit
853 3093 906 3182 (cf.
920 3121 950 3182 p.
970 3095 1066 3184 29).*
1099 3097 1184 3164 ¹Hae
1206 3104 1318 3165 autem
1346 3102 1479 3168 ratione

384 3252 400 3284 *
423 3252 490 3307 Sine
518 3250 605 3306 dubio
635 3250 773 3306 eiusmodi
800 3252 887 3306 verba
915 3253 1053 3324 originem
1080 3257 1226 3310 traxerunt
1254 3273 1287 3311 ex
1316 3274 1364 3326 eo,
1399 3261 1478 3328 quod

295 3341 424 3396 homines
443 3339 609 3412 posthabita
632 3339 809 3409 quaestione,
829 3340 891 3410 quis
918 3345 1004 3411 esset,
1029 3343 1077 3412 qui
1104 3347 1222 3399 naturae
1250 3345 1328 3401 vices
1353 3353 1477 3418 regeret,

295 3448 329 3485 eu
343 3431 519 3497 invenerunt,
534 3431 567 3510 ut
581 3428 749 3499 simpliciter
762 3433 879 3485 naturae
893 3431 973 3500 quasi
987 3434 1119 3502 portenta
1133 3433 1326 3490 describerent
1341 3438 1385 3504 (ut
1399 3440 1478 3509 apud

296 3519 449 3574 Germanos
467 3517 572 3572 dieitur
590 3534 622 3572 es
639 3519 755 3573 donnert
774 3518 859 3587 sim.);
878 3536 968 3588 neque
988 3537 1021 3574 ex
1040 3538 1073 3575 eo
1092 3522 1168 3590 quod
1185 3525 1287 3593 postea
1301 3525 1338 3578 ab
1353 3526 1478 3582 homini-

293 3609 347 3663 bus
365 3608 457 3678 magis
476 3605 594 3662 eruditis
610 3623 673 3660 cum
688 3607 782 3662 verbis
797 3607 841 3661 his
857 3607 978 3663 subiecti
996 3609 1059 3663 loco
1075 3611 1190 3664 deorum
1208 3613 1326 3668 nomina
1344 3615 1478 3686 aliaeque

294 3696 425 3750 notiones
444 3699 487 3764 (ut
505 3697 619 3763 caelum,
638 3697 695 3750 dies
713 3695 786 3765 sim.)
801 3695 951 3750 coniuncta
969 3701 1045 3764 sunt,
1065 3699 1106 3753 ita
1124 3704 1156 3754 ut
1175 3700 1234 3754 vim
1252 3701 1477 3772 impersonalem

293 3786 378 3856 plane
402 3785 578 3851 amitterent,
598 3787 693 3854 potest
717 3784 859 3852 cdncludi,
887 3787 963 3855 quod
986 3787 1153 3843 novissimus
1179 3789 1251 3844 fecit
1268 3793 1477 3861 grammaticus

293 3875 409 3927 Latinus
427 3875 460 3930 R.
480 3874 622 3927 Kiihner
640 3872 668 3925 in
688 3873 744 3927 vol.
759 3873 785 3925 Il
799 3892 825 3943 p.
841 3881 866 3941 3,
886 3874 1105 3945 ascriptoribus
1124 3878 1268 3933 veteribus
1293 3881 1366 3936 haee
1386 3885 1478 3939 verba

293 3963 407 4016 omnino
426 3980 482 4016 non
501 3961 556 4015 nisi
574 3965 606 4016 ut
624 3961 785 4031 personalia
802 3979 863 4016 esse
887 3967 1032 4032 usurpata,
1056 3965 1099 4019 itu
1121 3969 1153 4020 ut
1176 3967 1226 4021 ubi
1249 3968 1413 4025 subiectum
1439 3974 1477 4028 ab

292 4051 328 4104 iis
353 4051 481 4105 additum
504 4067 560 4104 non
584 4053 670 4117 esset,
695 4049 803 4120 ellipsis
827 4054 1003 4108 statueretur.
1041 4053 1101 4108 Hoc
1126 4059 1204 4111 recte
1232 4074 1262 4110 se
1290 4075 1348 4112 non
1377 4061 1476 4120 habet.

292 4139 365 4192 Nam
383 4139 501 4193 licentia
519 4139 606 4193 verba
628 4141 726 4192 nostra
748 4139 933 4208 personaliter
956 4143 1136 4198 construendi
1154 4162 1211 4199 non
1231 4147 1328 4216 coegit
1353 4153 1477 4220 veteres,

292 4230 324 4281 ut
347 4227 451 4296 ubique
475 4245 537 4282 eam
560 4229 729 4282 structuram
751 4226 924 4283 adhiberent.
962 4229 1060 4298 ltaque
1084 4249 1169 4286 causa
1192 4251 1250 4288 non
1274 4239 1335 4304 est,
1361 4255 1412 4292 cnr
1439 4241 1477 4294 iis

291 4315 371 4382 locis,
386 4316 435 4369 ubi
455 4315 576 4370 subiecti
589 4315 705 4370 notione
718 4314 770 4368 illa
783 4319 892 4384 carent,
912 4317 1025 4388 ellipsin
1040 4322 1208 4390 statuamus,
1224 4326 1396 4392 praesertim
1411 4346 1478 4383 cum

292 4404 328 4457 ab
348 4402 395 4470 iis,
415 4403 508 4472 quiin
522 4404 685 4459 universum
703 4403 738 4457 de
754 4404 902 4458 verborum
915 4405 1142 4476 impersonalium
1158 4411 1269 4467 ratione
1284 4419 1479 4482 grmnmatica

292 4508 426 4561 quaerere
445 4493 552 4560 volunt,
572 4492 705 4562 ellipseos
723 4491 885 4548 adiumento
903 4511 1016 4564 prorsus
1034 4498 1171 4552 abstineri
1189 4517 1261 4571 opus
1281 4503 1327 4558 sit.
