3242 5284
768 445 986 512 „22-

206 607 207 615 '
290 611 425 676 tissima
448 609 663 694 descriptione
687 609 758 694 illa,
782 630 820 672 ex
845 593 908 692 qna
931 610 1043 671 orator
1071 602 1255 689 aposiopesi
1279 601 1460 667 oratIonem

290 740 363 782 cum
386 718 510 803 impetu
535 717 676 801 quodam
698 716 930 799 interrumpat,
952 714 1049 806 plane
1073 709 1218 792 contenti
1241 707 1400 793 efficiunt,
1423 711 1461 771 ut

292 825 436 890 dubitari
459 823 578 909 possit,
603 845 685 908 quae
710 822 754 886 sit
777 821 826 886 vis
851 820 970 906 quique
993 821 1073 883 fines
1098 817 1166 882 eius
1190 817 1321 902 figurae.

381 930 473 1007 Quod
497 953 574 996 sane
597 929 814 1016 proficiscitur
837 951 875 993 ex
900 927 971 992 sola
993 925 1083 991 illius
1107 923 1238 988 termini
1261 926 1380 987 natura
1402 943 1462 987 nec

292 1038 388 1103 certis
413 1037 531 1102 finibus
556 1035 792 1121 circumscripti
815 1038 939 1100 ettam
963 1032 1067 1117 dubii,
1095 1036 1132 1096 nt
1155 1029 1271 1096 adres
1294 1030 1391 1115 plane
1415 1027 1463 1092 di-

292 1167 403 1210 versas
427 1144 532 1229 possit
554 1143 676 1209 referri.
722 1142 824 1219 Quae
848 1163 930 1206 cum
953 1138 1009 1204 ita
1032 1139 1125 1224 sint,
1153 1137 1273 1202 etiam
1300 1135 1362 1200 hic
1385 1157 1463 1200 mo-

292 1250 456 1315 nendum
472 1253 544 1336 est,
558 1255 600 1315 ut
614 1251 652 1315 in
667 1254 839 1315 veterum
854 1245 1016 1333 scriptis
1031 1250 1137 1311 recte
1151 1241 1463 1328 interpretandis

293 1357 408 1442 plane
432 1357 592 1422 omittas
616 1356 729 1420 illum
752 1355 957 1420 terminum
981 1373 1206 1438 semperque
1233 1371 1311 1415 rem
1339 1349 1463 1433 ipsam

295 1463 514 1528 manifestis
542 1463 789 1548 propriisque
816 1460 950 1528 verbis
984 1483 1094 1546 quam
1131 1457 1356 1524 acutissime
1388 1455 1461 1520 oir-

294 1571 550 1636 cumscriberc
574 1570 740 1636 studeas.

725 1840 787 1914 III.
822 1839 876 1913 De
906 1837 1038 1932 ellipsi.
1070 1940 1076 1946 ἱ

386 1999 455 2064 Ηοο
473 1998 613 2064 termino
636 2003 761 2063 veteres
782 2000 814 2061 et
831 1995 1084 2082 etymologicam
1099 1995 1188 2059 illam
1204 1994 1358 2078 formam,
1382 2015 1464 2078 quae

294 2107 403 2191 posita
426 2109 477 2170 est
499 2105 534 2170 in
557 2104 683 2171 defectu
708 2104 910 2190 singularum
934 2102 1134 2189 syllabarum
1157 2101 1192 2166 in
1213 2099 1354 2184 'singulis
1378 2099 1464 2164 voci-

297 2215 355 2278 bus
380 2213 552 2299 accidenti‚
576 2217 609 2278 et
632 2212 846 2298 syntecticam
870 2210 1047 2296 quandam,
1076 2231 1158 2294 quae
1181 2211 1307 2294 spectat
1332 2207 1373 2271 ad
1396 2228 1465 2272 ver·

296 2321 410 2385 borum
434 2325 466 2385 et
490 2319 725 2394 sententiarum
748 2317 997 2404 detractionem,
1020 2317 1265 2382 denotaverunt.

369 2500 396 2564 1.
430 2497 482 2562 De
511 2497 645 2582 ellipsi
673 2497 719 2562 ad
746 2497 950 2562 verborum
978 2495 1140 2561 formam
1167 2459 1393 2579 pertinenti.

383 2603 537 2708 Trypho
552 2644 602 2707 ap.
613 2620 716 2686 muz.
726 2621 808 2686 vm
818 2621 932 2706 pret,
949 2619 1099 2706 spongo.
1110 2619 1161 2684 111
1175 2642 1206 2703 p.
1221 2619 1297 2684 ros:
1322 2618 1466 2696 rosan·

296 2728 364 2793 ἐστι
388 2727 475 2808 λέξις
502 2723 543 2792 οὐ
569 2722 651 2792 κατὰ
674 2722 712 2792 τέ
739 2728 861 2811 πλῆρες
891 2725 1146 2811 ἐξενηνεγμένος·
1178 2728 1306 2808 γίνεται
1334 2720 1371 2788 δὲ
1397 2723 1465 2788 κατ’

296 2831 418 2920 ἀρχήν,
440 2829 523 2900 κατὰ
541 2832 660 2918 μέσον,
679 2828 765 2923 κατὰ
787 2832 896 2916 τέλος,
920 2823 995 2898 οἷον
1019 2828 1209 2916 ἀφαίρεσις,
1233 2826 1383 2916 συγκοπὴ
1411 2827 1465 2896 καλ

295 2937 456 3026 ἀποκοπή.
501 2934 568 3006 κατ’
601 2935 707 3026 ἀρχὴν
739 2936 816 3024 μὲν,
847 2928 923 3005 οἷον
955 2943 1108 3024 ,,λείβειυ
1132 2976 1175 2988 -
1199 2941 1346 3024 erpeium
1383 2935 1465 3004 κατὰ

295 3049 418 3133 μέσον,
464 3035 539 3113 οἷον
586 3043 820 3132 ,,μουοο’νυχας
852 3083 894 3094 -1
924 3043 1124 3132 pcivvyac3“·
1169 3041 1251 3112 κατὰ
1292 3041 1329 3110 τὸ
1372 3044 1466 3122 τέλος

296 3156 418 3239 „tripu
441 3192 483 3201 —
508 3155 591 3218 603‘2
638 3153 768 3220 Similia
802 3153 925 3239 scripta
959 3159 1035 3219 sunt
1066 3154 1152 3238 apud
1182 3153 1379 3218 Zonacnm
1414 3151 1465 3240 (cf.

185 3252 189 3259 ¹
296 3262 399 3326 Walz.
415 3261 497 3327 VIII
513 3286 544 3347 p.
560 3263 637 3346 684,
657 3259 807 3346 Spengel.
825 3261 876 3326 ΙΙΙ
894 3285 925 3346 p.
942 3259 1033 3350 167):
1057 3262 1202 3352 ἔλλειψίς
1225 3259 1293 3326 ἐστι
1316 3258 1403 3336 λέξις
1426 3254 1467 3324 οὐ

296 3363 377 3433 κατὰ
400 3363 437 3433 τὸ
457 3369 579 3453 πλῆρες
600 3366 821 3452 ἐκφερομένη·
839 3372 974 3451 γίνεται.
988 3365 1025 3434 dt
1043 3363 1236 3453 κατ’ἆρχήυ,
1258 3362 1340 3432 κατὰ
1362 3366 1466 3451 μέσον

296 3473 352 3540 καὶ
383 3470 464 3540 κατὰ
491 3471 529 3540 τὸ
556 3473 658 3552 τέλος.
690 3475 819 3559 λέγεται
843 3471 879 3540 dt
907 3472 944 3540 τὸ
967 3471 1033 3540 κατ’
1055 3471 1161 3560 ἀρχὴν
1187 3470 1363 3560 ἀφαίρεσις
1392 3462 1465 3540 olor

297 3584 619 3666 ,,λεέβειυ-ελβειν“,
642 3577 680 3647 τὸ
704 3577 786 3646 κατὰ
812 3580 917 3666 μέσον
943 3579 1091 3667 συγκοπὴ
1120 3575 1194 3648 οἷον
1220 3578 1466 3668 ,,μονολυυχας-

254 3723 259 3732 ·
296 3685 498 3773 μώνυχαςίι,
525 3684 563 3754 τὸ
590 3683 673 3754 κατὰ
701 3687 795 3766 τέλος
821 3683 972 3774 denuost
1001 3677 1074 3755 οἷον
1104 3738 1125 3772 ,‚
1134 3690 1228 3774 δῶμα
1243 3727 1254 3738 -
1270 3690 1353 3754 doi“.
1390 3685 1465 3753 Ἔλ-

296 3801 405 3874 aaran
434 3799 600 3880 στοιχείου
637 3787 711 3862 οἷον
741 3792 974 3882 ,,νοιϊα·αἷα“·
1004 3799 1148 3874 ἔλλειψις
1182 3796 1350 3880 συλλαβῆς
1385 3791 1466 3881 „cio-

295 3899 429 3988 τράκτετ
438 3941 451 3951 -
461 3899 615 3983 στράπτεν
626 3904 664 3986 “,
703 3951 723 3986 ,,
733 3898 947 3988 ἀμφιφορεὺς
960 3939 971 3952 ·
983 3898 1155 3988 ἄμφορούς
1164 3906 1184 3940 “
1222 3951 1242 3985 ,,
1254 3897 1465 3969 Ἀπόλλωνα-

294 4003 509 4075 aeterna*
538 4009 619 4075 Fere
641 4009 721 4074 item
738 4009 869 4095 scripsit
880 4009 902 4076 J
907 4032 957 4075 os.
972 4009 1226 4095 Rhacyndeta
1239 4032 1290 4095 ap.
1301 4009 1405 4074 Walz.
1416 4009 1465 4075 III

386 4201 401 4234 *
418 4202 480 4256 Iure
498 4201 632 4255 miramur
646 4202 722 4270 quod
733 4201 859 4256 Zonaeus
869 4201 942 4256 hanc
957 4201 1175 4272 etymologicam
1189 4201 1323 4274 ellipseos
1336 4186 1463 4270 formam,

297 4307 369 4360 qnae
401 4291 491 4360 figura
521 4291 669 4346 verborum
696 4307 753 4345 non
786 4293 840 4359 est,
873 4289 947 4346 inter
979 4291 1123 4346 schemata
1154 4291 1249 4346 lexeos
1282 4290 1466 4346 enumeravit.

297 4379 432 4450 Proponit
450 4382 545 4434 autem
563 4380 632 4434 duas
651 4379 840 4434 definitiones:
864 4379 983 4435 alteram
1001 4380 1047 4450 (cl.
1061 4376 1150 4434 Walz.
1163 4379 1230 4434 VIII
1250 4385 1313 4448 683,
1334 4379 1464 4451 Spengel.

297 4468 336 4522 1ss
357 4473 418 4540 166)
440 4472 566 4524 mutuam
589 4470 625 4524 ab
649 4467 807 4550 Alexandro
826 4467 959 4523 Numenii
982 4469 1123 4540 sumptam
1146 4467 1192 4539 (cf.
1207 4467 1281 4524 infra
1294 4485 1322 4540 p.
1339 4475 1373 4527 27
1389 4472 1464 4540 serp),
1536 4513 1538 4518 .
