3242 5284
658 541 853 604 ,5-

172 696 468 762 accuratissime
513 719 702 783 perpensa
743 721 823 764 eam
865 721 1108 766 secernamus
1145 723 1165 764 a
1200 701 1340 765 simili-

171 803 241 868 bus
274 808 435 869 ornatae
475 805 667 870 orationis
703 789 923 892 generibus,
955 806 1159 872 historiam
1196 828 1340 894 eorum,

171 931 268 995 quae
296 911 342 976 ab
365 910 655 996 antiquissimis
678 913 920 998 temporibus
942 913 1125 979 terminis
1149 913 1340 1000 „ellipsis,

170 1038 343 1104 zeugma,
380 1018 638 1104 aposiopesis,
673 1018 957 1106 brachylogia“
993 1019 1201 1084 subiuncta
1237 1023 1340 1106 sunt,

170 1123 343 1189 breviter
369 1125 621 1191 narrabimus.
667 1125 805 1192 Videtur
832 1126 894 1191 hcc
921 1149 959 1192 eo
987 1127 1093 1212 magis
1120 1127 1338 1192 necessarium

170 1252 255 1318 esse,
278 1232 365 1316 quod
383 1255 448 1296 non
467 1232 573 1297 solum
596 1232 673 1298 talis
696 1233 835 1299 historia
852 1234 947 1318 plene
966 1255 1003 1297 ac
1021 1231 1163 1318 perfecte
1189 1231 1224 1298 ni
1241 1233 1341 1299 fallor

169 1337 275 1402 adhuc
298 1338 420 1423 scripta
442 1361 507 1404 non
531 1343 595 1424 est,
622 1339 678 1405 sed
707 1340 805 1405 etiam
829 1340 911 1404 nihil
938 1339 1077 1425 cogitari
1104 1344 1226 1424 potest,
1254 1341 1339 1426 quod

169 1445 275 1531 magis
306 1467 367 1526 nos
399 1446 543 1532 adiuvet,
579 1449 617 1511 ut
648 1447 805 1512 terminos
839 1447 903 1512 huc
939 1446 1137 1531 pertinentes
1174 1447 1340 1512 subtiliter

169 1574 401 1638 cognoscamus
421 1574 459 1618 ac
477 1552 698 1618 diiudicemus.
730 1553 802 1630 Qua
815 1553 849 1618 in
863 1575 897 1618 re
915 1552 1190 1619 lubentissime
1214 1553 1338 1619 confi-

170 1663 293 1725 temur
314 1681 383 1725 nos
402 1682 478 1725 non
497 1682 581 1726 esse
601 1664 773 1727 amantes
791 1661 1044 1726 terminorum
1063 1659 1234 1746 illorum,
1256 1682 1338 1725 cum

172 1789 246 1830 rem
267 1773 391 1852 ipsam
415 1789 488 1832 non
513 1768 613 1833 satis
637 1768 838 1833 enucleate
858 1768 1087 1855 significent
1105 1790 1265 1853 cumque
1283 1789 1339 1852 ea,

175 1895 266 1958 quae
288 1871 340 1938 iis
364 1873 489 1939 subici
513 1879 677 1960 possunt
699 1879 737 1940 et
755 1875 878 1940 variis
902 1874 1143 1960 temporibus
1162 1874 1339 1940 subiecta

171 1983 271 2064 sunt,
299 1980 415 2046 nimis
443 1982 546 2046 inter
573 2003 612 2046 se
641 1981 863 2067 discrepent
890 1979 943 2069 (cf.
962 1981 1229 2067 controversiam,
1256 2003 1338 2066 quae

167 2086 230 2152 fuit
247 2087 438 2153 Andreseno
457 2111 529 2152 cum
549 2088 714 2174 Draegero
732 2088 768 2153 in
786 2087 974 2154 Zeitschrift
991 2087 1044 2152 fur
1062 2089 1119 2153 das
1135 2087 1339 2171 Gymnasial-

166 2215 272 2260 wesen
289 2195 371 2260 1871
384 2219 414 2281 p.
425 2196 488 2261 801
505 2217 584 2280 seq.;
600 2195 685 2260 1872
695 2195 811 2281 pasc,
825 2193 945 2283 29819).
972 2195 1110 2280 Itaque
1124 2195 1207 2260 sine
1221 2194 1337 2261 dubio

33 2307 38 2318 '
167 2301 320 2366 cautius
357 2301 566 2367 adhibendi
603 2305 705 2389 sunt,
744 2307 781 2367 et
820 2324 862 2366 ea
900 2301 1051 2387 quidem
1090 2300 1257 2386 ratione,
1295 2305 1338 2366 ut

166 2409 475 2493 diligentissime
497 2409 738 2494 pensitamus
761 2431 826 2474 eor
846 2431 956 2475 veros
975 2408 1129 2494 quidem
1150 2429 1248 2495 esre,
1272 2408 1336 2473 sed

102 2561 104 2566 -
166 2516 246 2580 nisi
281 2516 387 2581 iusta
423 2516 639 2601 explicatio
677 2516 850 2601 accedat,
885 2515 1074 2601 plurimos
1107 2514 1267 2602 gignere
1300 2518 1337 2580 et

167 2623 351 2688 maximos
375 2644 533 2688 errores.
568 2618 620 2709 (G.
640 2620 830 2708 Hermann.)

643 2881 868 2949 Excursus.

210 3031 391 3098 Historia
418 3031 672 3096 terminorum
704 3032 943 3117 quorundam
970 3033 1015 3098 ad
1044 3054 1108 3097 eas
1135 3031 1291 3097 dicendi

210 3139 356 3204 formas
374 3137 672 3225 pertinentium,
692 3160 786 3222 quae
804 3139 907 3203 fiunt
925 3160 991 3224 per
1009 3138 1290 3204 detractionem

504 3241 558 3331 (cf.
581 3243 773 3320 Quintilian.
792 3245 841 3310 IX
859 3246 894 3331 3,
917 3242 984 3333 58).
1003 3267 1008 3278 '

216 3365 220 3372 ’
252 3371 395 3436 Fontes
423 3372 461 3433 ct
488 3368 677 3435 subsidia:

165 3479 310 3544 libatores
333 3477 425 3542 latai
446 3477 580 3542 minores
603 3475 651 3541 ed.
674 3474 801 3540 Halm.

167 3578 374 3644 Grammatico?
396 3584 489 3648 lutici
511 3606 550 3649 ex
575 3604 696 3648 recens.
720 3581 762 3648 H.
784 3582 916 3650 Keilii.

164 3685 310 3752 libatores
332 3687 446 3756 Gracci
469 3691 516 3756 ed.
539 3689 649 3755 Walu
673 3693 706 3754 et
729 3686 905 3774 Spengel.

165 3790 359 3884 Sanctius,
381 3798 529 3864 Minerva
550 3798 599 3864 ed.
617 3796 737 3882 Bauer,
760 3818 833 3862 cum
851 3796 939 3862 notis
958 3795 1118 3862 Perizonii
1136 3799 1170 3861 et
1188 3794 1333 3882 Scioppii
1385 3870 1393 3892 ,

325 3903 424 3990 1801,
447 3904 510 3970 vol.
529 3904 562 3969 ΙΙ
581 3927 613 3989 p.
634 3905 651 3968 l
672 3925 737 3988 seq.

164 4006 395 4098 Gronovius,
418 4011 638 4077 observationes
660 4010 719 4076 IV
736 4033 804 4096 cap.
828 4012 849 4075 2
872 4010 920 4078 ed.
943 4011 1077 4076 Platner
1101 4007 1196 4076 1755.

167 4115 399 4183 Grammaticos
422 4119 538 4183 latinae
556 4116 706 4202 Alvari,
729 4115 936 4202 Scaligsri,
958 4116 1111 4202 Ursini,
1134 4114 1333 4202 Broederi,

323 4224 596 4309 Ruddimanni,
619 4223 881 4309 Ramshornii,
894 4222 1220 4310 Weissenbornii,
1234 4222 1332 4288 Kre-

324 4331 423 4417 geri,
445 4275 686 4416 zumpcliffl.
710 4275 886 4396 Schulzii
893 4329 1110 4417 ,thueri,
1139 4274 1287 4395 elicium.

165 4437 202 4504 G
219 4437 414 4504 Hermann
421 4438 632 4524 dcellcprse
618 4459 653 4502 rc
671 4438 779 4520 lccpuo
795 4457 919 4520 praeca
938 4460 988 4522 op.
1007 4436 1074 4522 Ip.
1091 4437 1167 4523 1483
1187 4437 1249 4502 181
1266 4458 1332 4522 seq

163 4543 194 4608 J.
216 4543 274 4610 Fr.
298 4489 455 4631 Grimrir,
477 4544 596 4610 libellus
618 4545 654 4610 de
675 4544 831 4628 ellrpssbas
856 4544 950 4608 1743.
