3242 5284
585 469 679 518 ‘'-
726 474 855 536 41-

161 629 325 714 facileque
348 630 595 716 intellegantur,
625 631 705 696 haec
732 633 878 718 proxime
909 633 949 698 ad
977 631 1148 698 veritatem
1185 633 1333 699 accedere

161 737 235 802 visa
258 742 335 802 sunt
353 735 407 824 (ef.
424 736 528 823 Riese,
550 740 587 803 dc
608 739 709 822 allapsi
731 741 765 803 irc
788 740 896 822 1119111
916 740 968 805 lut.
983 764 1013 824 p.
1031 739 1071 804 15
1091 736 1184 826 seq.):
1207 738 1333 804 dicendi

161 845 363 909 consuetudo
382 844 528 929 singulas
548 845 727 911 sententias
742 847 977 932 verborumque
991 845 1242 932 coniunctiones,
1261 867 1332 911 cum

162 951 260 1036 quasi
290 953 325 1015 in
357 952 501 1016 omnium
535 974 590 1018 ore
623 953 740 1018 cotidie
772 957 894 1038 essent,
926 954 974 1018 ita
1005 955 1169 1040 tractavit,
1200 959 1237 1018 ut
1267 976 1334 1018 non

161 1060 277 1144 plenas
300 1081 354 1124 eas
387 1058 618 1145 conformaret,
650 1059 706 1125 scd
739 1061 832 1144 quasi
864 1061 1081 1146 obtruncaret,
1113 1061 1190 1145 quia
1221 1061 1332 1146 paucis

161 1170 293 1232 tantum
317 1166 422 1231 verbis
445 1166 563 1251 positis
587 1166 700 1232 rtatim
723 1171 830 1231 totum
855 1168 1059 1232 enuntiatum
1085 1168 1217 1252 perinde
1245 1168 1333 1232 audi-

160 1279 254 1338 retur
286 1295 323 1338 ac
355 1273 383 1338 11
414 1273 546 1358 plenum
579 1279 673 1338 esset.
727 1272 813 1338 Hinc
851 1275 1095 1358 proverbiorum
1132 1274 1333 1360 aliarumque

160 1380 376 1446 formularum
409 1380 491 1444 mira
523 1402 618 1466 saepe
651 1380 803 1446 brevitas.
853 1379 1026 1445 Praeterea
1058 1380 1226 1468 adverbia,
1258 1405 1330 1466 pro·
1386 1461 1394 1476 .

159 1489 296 1554 nomina
319 1487 415 1552 certis
443 1488 571 1552 casibus
600 1489 725 1574 posita,
754 1487 1012 1573 praepositiones
1045 1508 1118 1552 cum
1147 1489 1332 1554 nominibus

161 1596 366 1680 coniunctae,
407 1616 501 1659 casus
533 1593 674 1680 obliqui,
715 1594 876 1681 imprimis
914 1594 1050 1660 ablativi
1086 1595 1175 1660 modi
1207 1618 1332 1681 causae,

163 1702 293 1788 similia,
309 1725 383 1767 cum
398 1700 439 1766 ad
453 1702 622 1786 proprium
636 1701 771 1767 verbum
788 1705 981 1788 spectarent,
1004 1702 1130 1768 efficere
1148 1705 1333 1789 potuerunt,

165 1813 204 1874 ut
224 1810 323 1874 verba
347 1809 465 1894 agendi
489 1807 614 1873 dicendi
633 1808 803 1894 sentiendi,
826 1809 866 1873 al.
886 1809 1121 1875 omitterentur.
1159 1808 1221 1875 Vix
1240 1810 1334 1895 longi

167 1939 235 1982 esse
257 1917 411 1982 debemus
430 1919 464 1981 in
482 1937 530 2001 eo,
553 1915 639 2000 quod
658 1916 883 1981 contendimus
902 1938 968 1982 non
986 1917 1093 1981 minus
1113 1940 1152 1982 ex
1167 1917 1332 1982 celeritate

163 2023 303 2109 quadam
326 2023 461 2108 dicendi,
484 2027 521 2088 ut
544 2022 651 2088 vivide
674 2022 798 2107 aliquid
821 2027 1008 2088 narraretur
1036 2029 1069 2090 et
1096 2025 1333 2110 depingeretur,

160 2131 356 2197 brevitatem
375 2130 537 2216 quandam
560 2130 650 2195 nasci
669 2130 828 2215 potuisse,
851 2153 916 2216 qua
939 2131 987 2196 vis
1012 2153 1049 2196 ac
1067 2132 1156 2196 color
1175 2132 1332 2196 orationis

158 2244 344 2324 augeretur.
390 2237 452 2303 Sed
475 2237 555 2302 haec
576 2237 719 2302 breviter
741 2237 868 2303 dicendi
892 2259 1011 2323 genera
1041 2259 1113 2302 cum
1142 2238 1332 2324 plerumque

158 2347 262 2410 etiam
285 2345 448 2410 cotidiano
471 2343 613 2410 sermoni
634 2344 829 2410 inservirent
851 2345 986 2430 ideoque
1010 2345 1149 2411 maxime
1168 2346 1202 2410 in
1221 2368 1332 2411 eorum

159 2453 294 2537 scriptis
312 2452 552 2538 adhiberentur,
566 2451 622 2537 qui
636 2450 677 2515 ad
692 2473 873 2518 sermonem
888 2453 1056 2538 vulgarem
1075 2476 1172 2538 quam
1186 2452 1332 2538 proxime

157 2560 312 2625 accedere
321 2559 505 2645 studebant,
523 2559 772 2643 comoediarum,
788 2560 1010 2646 epistolarum,
1028 2583 1212 2627 sermonum
1231 2557 1333 2646 (satu-

156 2664 284 2754 rarum)
317 2667 503 2752 scriptores,
540 2686 598 2730 uos
630 2688 697 2731 non
734 2671 803 2732 tam
842 2689 999 2752 occupare
1039 2671 1193 2753 poterunt
1234 2689 1331 2753 quam

158 2774 311 2860 quaestio
334 2774 402 2859 illa,
429 2796 493 2858 qua
522 2773 647 2838 ratione
670 2772 816 2860 Tacitus,
845 2775 990 2840 omnium
1019 2775 1214 2860 scriptorum
1242 2772 1331 2838 Lati·

156 2903 288 2967 norum,
312 2881 367 2967 qui
391 2881 536 2946 oratione
559 2881 703 2965 pedestri
725 2881 777 2947 usi
801 2886 892 2968 sunt,
914 2903 980 2948 non
1004 2882 1110 2946 solum
1137 2881 1233 2967 longe
1261 2881 1332 2946 bre-

157 2988 325 3072 vissimus,
343 2986 513 3053 sedetiam
529 2988 765 3072 grandissimus
780 2988 927 3072 singulas
945 2987 1224 3072 breviloquentiac
1243 2988 1332 3052 illius

156 3097 283 3162 formas
316 3096 501 3161 excoluerit.
556 3094 650 3170 Quod
683 3098 792 3160 autem
825 3119 952 3160 summa
983 3101 1054 3160 1111
1090 3094 1185 3160 illum
1216 3094 1358 3170 fecisse,

156 3207 290 3269 remota
313 3207 408 3288 grata
434 3201 593 3267 sermonis
623 3202 770 3287 vulgaris
801 3202 1011 3288 neglegentia
1044 3225 1116 3268 cum
1145 3202 1331 3286 expeditum

157 3314 215 3377 111
237 3333 283 3396 1ο,
307 3310 393 3396 quod
417 3310 487 3394 ipse
514 3308 577 3373 fuit
604 3309 691 3374 inter
719 3309 1001 3395 eloquentissimos
1030 3309 1332 3394 eruditissimusque

157 3440 241 3484 suae
277 3418 394 3482 aetatis
426 3416 590 3502 homines,
628 3423 700 3482 tum
735 3417 806 3482 fieri
842 3417 966 3497 debuit,
1005 3417 1094 3503 quia,
1137 3417 1223 3503 quod
1261 3417 1333 3502 ipse

156 3525 328 3593 confessus
352 3527 416 3610 est,
440 3524 630 3608 scriptorem
653 3524 914 3590 foedissimorum
944 3529 1128 3608 temporum
1159 3524 1332 3589 historiam

156 3637 386 3700 enarraturum
418 3654 579 3696 summam
612 3631 808 3716 gravitatem
845 3633 1148 3717 austeritatemque,
1185 3654 1249 3716 qua
1280 3653 1331 3695 res

157 3739 386 3805 atrocissimae
409 3739 641 3803 denotarentur
671 3760 768 3823 quam
797 3740 1002 3824 brevissime,
1033 3738 1185 3803 adhibere
1215 3737 1331 3802 decuit.

157 3845 227 3912 Sed
249 3847 315 3910 iam
337 3846 371 3911 in
395 3846 526 3930 singula
548 3845 767 3931 inquiramus!
813 3848 884 3925 Qua
907 3848 941 3912 in
964 3869 998 3912 re
1022 3848 1059 3910 ut
1082 3845 1213 3910 omnino
1236 3845 1332 3909 venia

156 3952 257 4019 nobis
277 3975 358 4038 opus
377 3958 437 4038 est,
460 3953 507 4018 ita
526 3954 697 4038 praecipue
715 3953 749 4018 id
767 3954 919 4039 petimus,
935 3977 977 4019 ne
996 3954 1225 4038 vituperemur,
1244 3950 1331 4036 quod

156 4061 198 4127 in
220 4059 299 4126 locis
324 4060 430 4124 dubiis
463 4060 642 4125 tractandis
674 4061 838 4126 interdum
871 4061 971 4126 etiam
1003 4060 1084 4125 talia
1116 4060 1330 4143 exhibuimus,

158 4189 244 4252 quae
274 4167 340 4232 iam
370 4168 491 4232 dudum
522 4173 598 4233 sunt
627 4169 785 4253 refutata,
822 4168 957 4232 fecimus
989 4171 1114 4252 autem,
1143 4171 1181 4231 ut
1211 4187 1330 4250 cogno-

158 4279 281 4360 scatur,
304 4297 369 4359 qua
387 4275 511 4340 ratione
536 4275 574 4339 de
593 4274 699 4340 Taciti
718 4275 878 4340 brevitate
897 4274 1075 4338 iudicatum
1099 4274 1143 4338 sit
1162 4274 1214 4338 vel
1232 4272 1330 4337 hodie

159 4403 290 4467 quoque
312 4381 479 4447 iudicetur.
