3242 5284
485 511 834 577 .-15-

139 664 184 747 ὡς
212 665 443 755 ἐπιβουλεύων
475 672 520 761 τῷ
548 673 657 754 πατρί.
693 670 918 756 Λημοσθένης
949 667 986 738 δὲ
1007 674 1048 760 τῇ
1080 667 1308 756 ἄποσιωπήσει

137 778 176 862 τῇ
199 779 311 866 τελείᾳ
329 773 436 856 οὕτως
452 778 606 863 κέχρηται
626 777 663 844 ἐν
683 779 727 867 τῷ
747 776 822 863 urei
839 780 901 844 τοῦ
915 775 1098 863 στεφάνου·
1122 773 1217 863 ,ἀλλ’
1234 777 1307 864 ἐμοὶ

138 881 216 968 μὲν,
250 880 291 950 οὐ
319 881 485 970 βούλομαι
518 881 555 951 δὲ
588 879 745 969 δυσχερὲς
772 886 878 951 εἰπεῖν
907 880 1008 951 οὐδὲν
1036 881 1221 971 ἀρχόμενος
1247 885 1308 951 τοῦ

137 987 274 1074 λόγου.“
319 991 566 1058 Praeteritionia
595 993 720 1077 figurae
748 990 973 1080 Hermogenes
1001 1015 1073 1058 earn
1099 992 1218 1058 tribuit
1243 991 1308 1058 fer·

137 1121 239 1186 mam,
263 1121 346 1185 quae
368 1100 443 1165 fere·
460 1121 532 1165 curn
556 1098 743 1185 aposiopesi
766 1099 961 1186 consentiat3
989 1100 1082 1166 docet
1105 1099 1191 1166 enim
1214 1121 1307 1184 para·

137 1205 214 1290 lipsi
238 1206 364 1292 aliquid
383 1227 533 1290 expresse
552 1205 703 1292 indicari,
730 1206 871 1272 sednon
893 1207 990 1292 plene
1012 1206 1089 1292 dici,
1111 1206 1169 1272 ubi
1191 1209 1309 1292 agatur

137 1314 176 1378 de
204 1314 303 1379 rebus
332 1313 472 1378 exilibus
503 1312 593 1379 notis
620 1311 800 1378 invidiosis.
850 1314 890 1379 In
922 1336 960 1380 ee
987 1313 1091 1400 igitur
1118 1313 1309 1400 differentia,

138 1442 220 1506 quae
251 1420 339 1486 inter
370 1420 636 1506 praeteritionem
672 1441 709 1486 ac
740 1420 945 1486 reticentiam
980 1421 1166 1506 intercedit,
1198 1420 1308 1504 posita

138 1550 205 1593 esse
228 1526 372 1614 ridetur,
400 1528 486 1612 quod
508 1527 581 1592 illa
598 1527 637 1593 fit
660 1531 718 1592 aut
745 1526 827 1593 lenis
855 1531 983 1593 tentum
1016 1528 1157 1614 suspicio
1184 1527 1233 1592 rei
1259 1530 1308 1593 te·

137 1635 269 1719 cendae,
291 1634 342 1699 ita
362 1638 400 1699 ut
422 1633 633 1721 subintellcgi
656 1633 775 1720 pessit,
802 1638 860 1700 aut
881 1657 960 1700 vera
982 1635 1130 1719 emissi03
1157 1633 1229 1698 hac
1255 1655 1307 1699 res

138 1741 375 1826 praetereunda
405 1741 453 1807 ite
484 1740 659 1827 indicatur,
691 1744 728 1806 ut
760 1740 869 1806 verbis
897 1763 1049 1827 expresse
1077 1740 1209 1827 quidem
1239 1763 1306 1806 me·

141 1852 296 1935 noretut,
328 1847 385 1914 sed
414 1847 604 1933 imperfecta
631 1847 779 1914 celeriter
805 1847 1017 1934 relinquatur.
1040 1846 1095 1935 (cf.
1122 1847 1223 1913 etiam
1246 1846 1307 1912 De·

137 1955 290 2020 metrium
309 1952 354 2043 (3)
368 1977 420 2042 ap.
431 1953 536 2020 Walz.
553 1953 601 2020 IX
619 1978 651 2040 p.
671 1954 735 2019 109
754 1954 889 2042 collib.
902 1979 933 2040 p.
947 1956 990 2023 48
1007 1960 1040 2022 et
1061 1956 1137 2040 106,
1157 1954 1308 2041 Spengel.

136 2062 186 2128 III
206 2062 287 2148 318,
310 2062 350 2128 31
373 2060 445 2129 coll.
461 2061 539 2149 316,
558 2061 599 2128 31
620 2065 654 2126 et
672 2061 750 2147 285,
770 2059 835 2148 14.)
872 2061 921 2128 De
939 2061 1182 2158 praeteritionis
1201 2061 1308 2146 figura

136 2168 176 2235 cf.
202 2167 331 2254 Cicero,
353 2191 399 2234 or.
422 2170 443 2249 ἓ
468 2169 545 2254 137,
574 2167 694 2234 Oornif.
713 2167 769 2253 27,
792 2168 849 2253 37,
877 2167 997 2254 Aquila
1020 2168 1114 2234 Rom.
1137 2168 1185 2234 ed.
1207 2166 1307 2233 Halm

135 2299 167 2360 p.
177 2276 235 2361 24,
255 2297 343 2341 carm
362 2275 402 2340 de
411 2275 506 2360 figur.
516 2274 559 2340 ib.
568 2298 599 2359 p.
611 2275 732 2361 74,27,
751 2273 932 2340 Martianus
944 2275 1078 2361 Capella
1095 2275 1138 2340 ib.
1147 2299 1179 2360 p.
1188 2275 1308 2360 478,3,

135 2381 251 2449 ueul.
270 2381 385 2448 Victor
402 2381 447 2447 ib.
464 2405 496 2466 p.
513 2381 593 2467 433,
612 2381 668 2467 35,
691 2382 909 2448 Anaximenes
928 2381 985 2468 47,
1004 2381 1038 2467 3,
1062 2404 1112 2465 ap.
1131 2380 1307 2467 Spengell

134 2513 165 2574 p.
184 2489 265 2575 208,
285 2489 342 2574 22,
365 2489 446 2574 219,
468 2489 525 2573 31,
547 2488 721 2554 Alexandr.
740 2487 879 2555 Numen.
893 2486 1058 2573 ap.Walz.
1079 2487 1159 2553 VIII
1177 2511 1209 2572 p.
1227 2488 1307 2574 452,

135 2594 291 2682 Spengel.
309 2594 359 2662 ΙΙΙ
379 2596 436 2680 23,
458 2594 635 2662 Phoebum.
656 2595 700 2660 ib.
718 2620 749 2681 p.
768 2595 847 2680 507,
870 2594 1022 2680 Spengel.
1035 2594 1096 2681 51,
1122 2597 1175 2680 14,
1199 2594 1306 2662 Tiber.

134 2728 165 2789 p.
185 2704 266 2788 532,
290 2701 441 2788 Spengel.
459 2703 512 2788 60,
530 2703 587 2788 26,
617 2701 733 2768 Zonae.
755 2702 799 2768 ib.
817 2726 848 2787 p.
867 2703 945 2787 677,
974 2700 1125 2787 Spengel.
1150 2703 1227 2787 163,
1252 2702 1308 2788 10,

134 2832 289 2894 anonym.
311 2808 355 2875 ib.
377 2832 408 2895 p.
432 2810 511 2895 702,
542 2807 791 2896 SpengellIS,
816 2809 867 2874 15.
911 2807 988 2874 Non
1020 2807 1089 2872 sine
1120 2809 1228 2875 fructu
1255 2831 1306 2874 ao-

134 2916 309 3003 cipiemua,
341 2937 422 3000 quae
448 2914 684 2982 Cornificius
718 2916 757 2982 de
788 2921 939 3002 utraque.
952 2915 1057 3000 figura
1080 2915 1231 3001 exposuit
1254 2911 1307 3002 (ef.

133 3020 390 3110 Kayser)--IV
408 3023 466 3108 30,
483 3023 540 3089 41,
563 3023 779 3110 „praecisio
799 3018 839 3109 (c.
857 3045 884 3088 e.
903 3020 1118 3108 aposiopesis)
1137 3028 1192 3108 eet,
1215 3043 1307 3105 quern

133 3131 227 3196 diotre
248 3125 406 3212 eliquetur
428 3131 587 3216 retinen,
614 3131 696 3213 qued
724 3136 860 3212 coeptum
886 3133 931 3194 est
956 3129 1030 3214 diei,
1057 3129 1246 3212 relinquitur
1272 3132 1307 3196 in

132 3236 318 3320 coquetiene
338 3235 531 3302 audientium
549 3239 609 3303 sie:
632 3237 733 3323 „eniti
751 3242 919 3320 teeurnper
937 3238 1062 3302 certatio
1079 3258 1144 3302 neu
1165 3241 1217 3322 eet,
1238 3237 1306 3303 ideo

132 3345 218 3426 qued
232 3345 369 3428 populus
390 3343 554 3410 Romanus
576 3365 625 3409 nu
637 3379 682 3390 -
694 3345 764 3410 nole
786 3344 897 3429 eiicere,
919 3365 957 3408 ne
979 3344 1030 3408 eui
1050 3343 1130 3424 ferte
1151 3344 1307 3427 adrepens

131 3452 259 3516 uidear:
287 3455 439 3516 nentem
460 3471 550 3534 saepe
581 3453 754 3534 teneminie
784 3452 914 3534 dunum
934 3448 1104 3535 puteeit“;
1132 3451 1222 3516 item:
1244 3456 1307 3535 „tu

131 3559 222 3623 istut
241 3577 325 3622 nune
348 3559 570 3642 autiudicere,
593 3560 768 3643 euterpe
794 3559 914 3623 alienae
942 3559 1027 3623 dorni
1047 3595 1092 3604 —
1114 3577 1178 3622 nen
1203 3559 1306 3622 ereum

132 3667 247 3750 erue,
269 3685 308 3729 ee
330 3651 418 3744 quen
441 3667 580 3747 uenia
598 3666 743 3750 enum,
765 3685 813 3730 ue
830 3666 994 3748 iuuenum
1017 3665 1176 3748 nepum
1193 3665 1307 3730 eure

131 3768 269 3836 uideor.“
320 3771 369 3837 uu
404 3773 537 3838 atrocior
567 3774 660 3837 terite
692 3773 821 3856 suspitio
856 3793 951 3855 qrrern
984 3772 1100 3836 diserte
1129 3771 1305 3853 enpurnutie

129 3879 214 3960 lecti
230 3883 282 3944 cst.
303 3914 343 3924 -
362 3878 406 3944 ib.
429 3879 482 3964 27,
501 3879 557 3944 37,
580 3878 795 3945 occultatio
819 3875 854 3965 (i.
873 3902 899 3944 e.
913 3875 1115 3965 praeteritio)
1135 3883 1190 3963 eet,
1214 3899 1305 3959 quern

131 3987 269 4050 eremus
290 4006 348 4050 nes
363 3987 535 4068 praeterire
556 3992 613 4051 out
640 3986 720 4050 nette
749 3987 845 4052 dieue
867 3987 913 4071 id,
944 3988 1025 4068 queri
1041 4005 1134 4050 nune
1162 4006 1306 4050 nemun

132 4093 281 4175 diceneus,
303 4093 358 4157 teee
380 4094 493 4158 medor
505 4114 604 4178 „num
626 4095 663 4158 de
677 4094 818 4175 pueritie
835 4095 957 4175 quiden
975 4098 1038 4178 tue,
1061 4113 1155 4174 quern
1174 4097 1207 4156 tu
1221 4093 1306 4157 ernni

133 4199 276 4264 onmium
293 4200 546 4282 intemperantiae
562 4200 713 4265 euenere·
718 4249 727 4284 ,
749 4200 891 4284 dienen,
913 4201 942 4264 si
959 4199 1013 4264 hee
1030 4205 1146 4282 ternpus
1162 4201 1306 4264 idenerrnr

127 4311 292 4388 peterem:
314 4327 398 4372 nunc
419 4308 554 4372 conaelle
576 4308 732 4388 retinerem
762 4307 893 4371 etitlurt
907 4311 1079 4391 praetereo,
1108 4307 1190 4388 qued
1211 4307 1306 4372 terei

134 4413 286 4477 militurn
299 4413 520 4495 infrequentem
539 4416 747 4491 tradiderunt·
769 4414 876 4478 deinde
893 4415 976 4493 qued
991 4412 1166 4491 satisfecisti
1186 4413 1223 4477 L.
1241 4413 1305 4477 Lu·

135 4519 235 4603 brem,
270 4519 351 4583 nileit
381 4521 425 4584 oet
454 4519 534 4584 tane
565 4541 630 4584 reue
660 4520 814 4603 pertinere
841 4525 926 4602 pute.
963 4519 1074 4585 horunc
1104 4519 1185 4584 nihil
1220 4519 1304 4584 dice:
