3242 5284
639 467 858 534 „55-

161 631 360 712 operarer
376 668 417 678 -
436 628 515 695 xiv
531 629 599 715 re
622 630 825 714 naufragium
847 635 876 696 er
897 617 1009 696 turnus
1023 680 1048 695 ..
1061 631 1222 697 onnon
1258 613 1333 698 nu'o

161 739 232 804 sine
267 739 365 804 dubio
397 739 542 816 pertinet
573 739 663 804 locun
698 742 810 804 noster
841 734 894 824 (ef.
916 737 1015 803 etiem
1042 737 1141 825 Nipp.
1155 739 1195 803 nd
1218 738 1265 804 XI
1279 741 1332 816 34,

160 869 192 932 p.
207 847 261 931 39,
284 843 329 932 3).
344 883 387 894 -
402 843 508 911 Semel
527 849 656 912 tantum
666 845 709 910 in
727 845 898 910 annalibus
917 844 1186 940 deprehendimus
1205 868 1332 913 accura-

159 954 267 1018 tivnm
283 975 308 1020 o.
322 953 378 1018 inf.
392 957 468 1039 post
481 953 616 1019 verbum
640 953 796 1018 obicere
809 952 954 1038 positum
969 949 1061 1038 (XVI
1075 954 1129 1039 22,
1146 950 1179 1042 1)
1193 976 1331 1040 eumque

159 1083 228 1126 non
246 1082 319 1126 oum
338 1061 411 1147 ipso
430 1060 538 1146 verbo,
557 1059 612 1126 sed
632 1061 764 1146 proprie
782 1064 815 1125 et
829 1059 1035 1145 epexegetioe
1053 1083 1125 1125 oum
1146 1062 1331 1128 recusative

159 1169 282 1234 obieoti
311 1169 385 1234 ille
415 1168 630 1234 ooniunetum.
680 1169 796 1253 Itaque
825 1167 984 1252 Droegeri
1013 1168 1242 1253 interpretatio
1271 1169 1331 1235 rei-

159 1274 275 1340 cienda
302 1280 353 1341 eet
380 1273 432 1362 (of.
447 1276 546 1340 etiem
569 1277 601 1342 J.
625 1275 756 1360 Mtller,
784 1273 940 1340 Zeitsohr.
965 1274 983 1340 f.
1008 1279 1120 1340 'dotem
1146 1275 1264 1361 Gymn.
1278 1278 1332 1363 26,

158 1406 189 1466 p.
203 1379 293 1470 645).

448 1602 479 1666 4.
502 1598 831 1685 praepositioneli
854 1597 1037 1664 dictione.
1093 1611 1097 1618 “

249 1739 283 1829 a)
307 1743 425 1808 verba
447 1742 602 1808 dicendi
624 1763 690 1808 non
712 1742 909 1807 omittuntur
930 1741 995 1807 nisi
1022 1740 1127 1806 oratio
1155 1741 1330 1809 antecedit:

164 1847 219 1914 An
233 1849 283 1915 IV
297 1851 334 1935 9,
355 1849 409 1933 nst
431 1871 469 1915 oc
494 1851 523 1915 si
550 1851 675 1915 modom
704 1850 839 1914 orationi
860 1850 1028 1934 perureret,
1058 1849 1268 1914 misericordia

160 1959 279 2022 animos
293 1959 486 2022 audientium
500 1955 694 2040 impleverat:
712 1958 756 2022 od
764 1977 847 2021 oona
856 2006 864 2022 .
874 2006 882 2022 .
892 2006 900 2022 .
909 1957 1071 2042 revolutor,
1084 1956 1121 2020 de
1131 1956 1285 2021 reddendo
1297 1977 1331 2021 re

151 2065 279 2147 publico
305 2069 398 2145 utque
428 2065 564 2130 conoides
593 2085 645 2129 seu
673 2065 743 2146 orris
771 2065 855 2129 otius
877 2065 1011 2148 repimerr
1033 2064 1231 2150 moderent,
1260 2083 1330 2128 vero

156 2194 275 2254 quoque
296 2177 326 2237 et
346 2171 468 2238 honesto
490 2173 581 2254 fidem
603 2172 748 2256 devorer
772 2208 812 2218 —
836 2171 886 2236 III
902 2173 959 2257 62,
984 2169 1197 2256 14s152ertm
1221 2169 1330 2254 Cyprii

53 2350 72 2358 ..
156 2280 257 2345 tritos
271 2281 307 2345 do
321 2276 406 2366 (edd.
426 2276 682 2365 Bezzenberger)
701 2279 843 2344 olunt.
881 2278 1038 2363 Drnegeri
1057 2277 1241 2363 explicatio
1264 2299 1330 2362 que

154 2386 258 2452 verba
275 2391 390 2452 nostre
408 2387 604 2473 coniungere
622 2387 771 2452 iubemur
790 2409 863 2451 oum
883 2385 981 2450 verbo
1001 2405 1212 2470 exposuere
1226 2381 1260 2470 (l.
1273 2382 1328 2470 10)

155 2495 211 2560 vix
235 2494 362 2559 laudari
384 2498 510 2580 potest,
539 2516 612 2559 oum
635 2493 867 2578 interpositum
896 2493 939 2556 sit
969 2492 1061 2584 aliud*
1088 2492 1223 2557 verbum
1253 2513 1328 2556 me-

153 2602 419 2669 morabantur.

246 2743 282 2832 b)
306 2746 422 2811 verba
445 2744 625 2810 movendi
649 2745 700 2810 vel
724 2743 874 2809 similia
897 2742 1105 2828 omittuntur,
1128 2741 1205 2827 quie
1227 2703 1334 2808 dictio⁸

152 2853 442 2940 praepositionelie
471 2852 682 2918 directionem
710 2852 794 2917 unde
825 2855 882 2916 aut
912 2872 976 2936 quo
1006 2848 1129 2934 aliquid
1153 2849 1242 2914 venit
1271 2854 1328 2915 eut

152 2961 267 3046 pergit
290 2960 370 3026 setis
394 2961 517 3026 indicat
540 2957 594 3047 (of.
607 2958 684 3045 Nip.
699 2960 740 3024 nd
759 2982 833 3024 enn.
847 2958 895 3024 IV
910 2958 967 3043 57,
990 2955 1043 3043 2):

246 3120 307 3169 ex:
330 3103 372 3169 H.
386 3103 402 3169 I
418 3104 470 3189 29,
491 3104 557 3187 114ε
579 3103 718 3186 Ipnorue
739 3103 864 3167 interim
887 3099 990 3166 Galba
1012 3104 1041 3164 et
1065 3101 1164 3164 some
1191 3100 1328 3165 intentus

37 3208 40 3214 ’
149 3211 425 3295 totrpoboiolieni
448 3211 513 3276 iam
539 3211 766 3294 impeditiore,
795 3229 864 3273 oum
891 3207 1033 3289 adsertor
1058 3226 1167 3271 rumor
1198 3207 1327 3290 raptio

152 3325 260 3386 costra
282 3321 432 3384 incertum
455 3338 544 3400 qoem
566 3323 749 3403 senatorer,
772 3335 844 3381 moe
866 3315 1014 3380 Othonem
1040 3334 1102 3379 esse
1129 3315 1184 3392 qm?
1204 3335 1325 3398 rapere·

153 3434 224 3505 tor;
247 3427 342 3492 simol
364 3447 406 3491 er
429 3432 505 3491 toto
527 3426 627 3510 urbe,
649 3431 686 3490 ot
714 3425 841 3506 quisque
867 3422 972 3488 obvios
992 3421 1109 3506 swot,
1136 3421 1196 3485 otii
1215 3421 1325 3500 tormi-

152 3538 228 3602 dine
259 3539 415 3618 arqentor,
442 3533 571 3614 quidam
597 3535 722 3598 minora
748 3552 819 3596 vero
850 3535 884 3596 et
910 3553 940 3615 q.
963 3550 1029 3614 seq.
1074 3527 1221 3592 Heraeus
1249 3528 1326 3592 arti·

153 3642 299 3709 ficiosius
323 3641 550 3726 subintellegit
572 3662 611 3706 ex
634 3639 811 3705 adfertur
833 3637 1001 3702 notionem
1024 3634 1195 3701 adorent
1237 3631 1325 3699 Setis

153 3751 243 3817 enim
266 3750 366 3815 verbe
396 3769 441 3813 ex
471 3751 557 3813 tota
586 3748 678 3812 urbe
709 3745 918 3812 omissionem
945 3742 1035 3808 verbi
1063 3740 1214 3806 veniendi
1241 3740 1324 3805 indi'·

153 3864 244 3943 oant3
258 3895 300 3904 —
317 3857 370 3942 51,
384 3854 427 3920 25
444 3856 580 3936 undique
597 3859 713 3919 atroces
729 3854 849 3937 noeti,
871 3851 1002 3917 sinistra
1019 3867 1057 3914 eo
1073 3848 1147 3913 orbe
1162 3846 1270 3928 fomo;
1281 3885 1325 3894 —

153 3967 253 4051 1111‚
272 3964 347 4049 9710
371 3983 480 4046 aymerr
503 3963 655 4045 ortonam
673 3962 745 4027 atae
761 3959 950 4037 cohortesque
965 3956 1216 4040 praevertebat&
1239 3960 1268 4019 et
1288 3974 1326 4020 er

154 4076 227 4157 ipso
248 4070 322 4137 orbe
351 4070 436 4134 houd
456 4071 627 4153 promea
649 4089 778 4150 marios,
808 4063 1116 4148 quinqueoohortes
1139 4067 1168 4126 et
1188 4060 1325 4144 equitum

153 4181 281 4265 vexillo,
304 4183 337 4244 et
360 4199 390 4262 q.
414 4199 480 4262 seq.
498 4213 542 4223 -
561 4173 720 4242 Similiter
738 4171 920 4261 explicandi
943 4173 1033 4237 sunt:
1055 4170 1097 4235 Η.
1113 4169 1214 4255 1126,
1230 4167 1327 4253 usit

154 4310 194 4353 ne
230 4286 417 4353 Vitellianos
449 4285 537 4349 miles
572 4303 674 4348 recens
704 4303 720 4347 e
750 4282 861 4347 castris
894 4280 1001 4366 sessos¹
1024 4278 1240 4361 odprederetur
1272 4271 1324 4362 (of.

155 4395 217 4462 An.
232 4393 295 4460 XV
312 4395 342 4480 6,
362 4393 403 4457 14
425 4412 503 4474 quoe
524 4410 627 4455 recens
639 4411 655 4455 e
668 4389 785 4455 Moeris
804 4389 903 4453 excito
919 4382 1325 4470 ωαχ-1111115613

154 4506 244 4588 ripae
261 4507 291 4568 et
307 4501 395 4567 eolles
467 4498 632 4572 multitudo
649 4498 816 4573 innumero
834 4495 1000 4588 omioni,
1015 4493 1173 4578 prorirrde
1189 4512 1206 4557 e
1223 4491 1332 4560 muri·
1451 4589 1459 4598 .
