3204 5284
619 463 861 528 -141—

143 625 237 704 sunt,
253 623 380 705 namne
398 623 563 688 admodum
577 625 700 710 paneis,
718 626 773 707 qni
785 645 847 690 non
863 624 1000 707 libidine,
1018 625 1072 689 sed
1087 624 1123 688 ob
1135 624 1324 689 nobilitatem

137 727 291 808 plumbus
310 726 363 817 (ef.
375 725 490 816 Halm)
508 732 627 814 nuptiis
649 731 837 815 ambirentur,
860 731 978 816 quibus
1001 732 1034 796 iu
1058 731 1164 796 verbis
1188 753 1325 818 zeugma

144 835 259 901 inesse
295 836 436 902 editores
470 837 601 921 quidam
637 839 845 905 contendunt.
900 837 975 904 Sive
1006 842 1113 904 autem
1145 861 1218 904 cum
1248 839 1323 903 aliis

144 937 517 1030 (Kritz-Hirschfelder)
537 945 636 1010 verba
658 947 795 1030 plures
818 967 962 1012 uxores
985 946 1129 1011 habent
1159 946 1227 1011 sive
1250 967 1323 1011 cum

144 1049 226 1115 aliis
266 1048 394 1137 (Halm,
432 1049 623 1117 tontrooerse
645 1051 758 1117 Stelten
792 1077 823 1138 p.
844 1054 864 1117 9
887 1051 967 1141 seq.)
1007 1054 1143 1138 plures
1181 1075 1322 1118 uxores

143 1162 343 1242 quaerunt
366 1157 407 1223 ad
431 1158 530 1223 verba
557 1160 621 1244 qui
644 1181 718 1224 non
741 1159 908 1226 libidine
931 1182 970 1225 ex
994 1181 1071 1225 voca
1099 1159 1324 1225 ambiuntur

142 1264 360 1353 subintelleg'
378 1265 480 1350 iubes,
498 1270 650 1331 neutrum
670 1268 792 1352 placet:
810 1289 887 1333 uam
901 1289 960 1333 nec
974 1268 1109 1332 verbum
1128 1266 1324 1333 ambiendi

142 1372 170 1436 i.
186 1395 212 1436 e.
227 1371 436 1456 quaerendi
469 1371 710 1458 significatione
741 1379 810 1440 tarn
833 1396 934 1460 prope
964 1373 1089 1439 accedit
1122 1373 1323 1439 adverbum

142 1478 320 1544 habendi
343 1479 363 1545 i.
379 1503 406 1545 e.
422 1479 671 1566 possidendi,
699 1485 735 1545 ut
758 1489 858 1546 unum
883 1505 921 1546 ex
945 1481 1050 1547 altero
1075 1480 1250 1546 eruendum
1272 1503 1321 1546 re·

144 1585 296 1669 linquere
319 1586 429 1672 liceat,
458 1608 518 1652 nec
548 1587 614 1652 ullo
638 1587 787 1672 exemplo
813 1589 972 1674 probatur
999 1611 1038 1654 ax
1064 1588 1163 1653 verbo
1193 1588 1322 1673 passive

149 1692 259 1779 posito
284 1693 429 1779 suppleri
451 1715 546 1780 posse
570 1694 704 1760 verbum
728 1699 880 1761 activum.
903 1733 947 1744 —-
970 1695 1050 1761 Tres
1073 1695 1191 1760 abhinc
1220 1717 1322 1760 annos

151 1799 188 1865 A.
210 1799 336 1865 Holder
359 1801 531 1867 extricavit
553 1803 672 1868 codicis
696 1802 921 1868 Hummeliaui
950 1803 1145 1889 scripturam
1173 1803 1322 1868 ambiam.

154 1903 213 1972 Sed
235 1911 394 1991 quantum
424 1907 499 1974 fidei
522 1908 658 1976 Holderi
687 1911 751 1975 arti
780 1915 813 1976 et
843 1912 952 1977 studio
983 1933 1075 1977 veras
1098 1909 1323 1975 Hammeliaui

149 2013 303 2080 lectiones
334 2014 552 2102 investigandi
585 2017 630 2082 sit
658 2017 843 2083 habendum
872 2019 1058 2104 nuperrime
1081 2017 1141 2083 Ed.
1166 2016 1323 2103 Wolfflin,

146 2119 241 2187 Burs.
269 2120 455 2188 Jahresber.
481 2124 565 2189 1879
591 2123 624 2188 ΙΙ
649 2148 678 2209 p.
702 2126 767 2190 240
799 2125 1001 2211 explanavit,
1032 2147 1106 2191 cum
1138 2123 1323 2190 ostenderet

146 2228 247 2293 etiam
277 2228 418 2294 codicem
449 2230 542 2295 illum
572 2230 757 2297 exhibuisse
786 2232 930 2297 ambiam
960 2233 1021 2298 ie.
1042 2232 1221 2296 ambiantur
1251 2253 1321 2297 esse

145 2334 217 2400 veri
254 2335 466 2402 simillimum.
513 2334 649 2403 (lautius
686 2360 763 2404 sane
801 2340 923 2424 egisset
955 2339 1047 2405 Aem.
1070 2337 1236 2404 Baehrens
1269 2335 1321 2424 (ci.

147 2441 307 2509 Fleckeis.
322 2442 436 2510 Jahrb.
453 2443 514 2508 121
530 2467 560 2528 p.
578 2440 674 2531 267),
706 2446 734 2510 si
757 2467 823 2510 non
847 2468 884 2511 ea
907 2467 972 2531 qua
1000 2450 1050 2510 est
1077 2444 1212 2510 eudocia
1237 2445 1321 2510 illud

145 2549 375 2616 ambiuntur
404 2550 565 2616 stultitiae
591 2550 740 2617 Henochi
759 2553 915 2618 Asculani
944 2552 1128 2639 tribuisset,
1158 2553 1214 2616 sed
1240 2552 1320 2617 Hol-

145 2656 298 2722 derianae
322 2657 473 2722 editionis
496 2656 708 2725 fundamenta
731 2661 912 2727 accuratius
936 2660 1164 2726 examinasset.
1201 2658 1320 2725 Nescio

146 2786 190 2828 an
215 2763 315 2829 verba
338 2765 373 2830 ut
396 2765 582 2830 nobilitatem
598 2765 744 2848 pluribus
766 2770 883 2850 nuptiis
902 2768 1044 2834 annon
1062 2765 1214 2831 subtilius
1235 2765 1322 2831 dicta

145 2876 270 2955 essent,
294 2893 390 2956 quam
415 2877 453 2938 ut
476 2872 516 2937 ab
539 2872 727 2938 hominibus
751 2877 858 2940 miuus
882 2875 985 2940 acutis
1009 2895 1106 2960 quam
1129 2872 1321 2938 Baehrensii

144 2979 422 3065 intellegerentur.
460 2978 575 3044 Restat
594 2979 697 3064 igitur
716 2982 786 3046 sola
806 2981 980 3067 explicatio
1000 2981 1068 3066 illa,
1092 3003 1155 3066 qua
1175 2980 1320 3046 ablativo

145 3084 321 3150 libidine
344 3086 441 3151 datur
463 3085 513 3150 vis
537 3087 687 3152 causalis.
734 3087 805 3165 Qua
828 3089 860 3153 in
885 3111 919 3154 re
943 3110 1057 3154 caveas
1085 3111 1127 3154 na
1149 3087 1248 3152 nimis
1271 3087 1320 3152 in·
1420 3128 1423 3134 -

144 3193 289 3279 vestiges
314 3215 383 3279 eos,
407 3214 545 3277 quorum
563 3193 716 3260 libidines
735 3195 884 3280 pluribus
903 3195 970 3260 illis
994 3195 1118 3282 nuptiis
1142 3195 1320 3280 explendae

142 3299 276 3364 fuerint
299 3300 517 3366 Artificiosius
531 3300 593 3365 hoc
610 3305 661 3365 est
679 3323 784 3386 neque
797 3303 1025 3389 necessarium,
1043 3303 1071 3367 si
1086 3303 1320 3388 generaliorem

144 3429 277 3472 sensum
306 3407 460 3473 tribueris
494 3407 563 3472 voci
588 3407 721 3474 tonia.
768 3408 900 3475 Vertas:
930 3411 1038 3476 neam
1060 3410 1124 3476 sich
1151 3410 1234 3474 niebt
1262 3430 1321 3475 ans

144 3513 296 3580 Medea
319 3517 373 3580 der
404 3515 546 3599 Wolinst,
572 3516 705 3580 eundern
727 3537 828 3600 naas
851 3517 931 3582 iteres
949 3518 1045 3582 Acteis
1071 3537 1110 3581 en
1132 3516 1320 3597 nntnfaeber

142 3620 401 3706 Ebeoerbindnny
422 3622 593 3687 nmwnben
616 3623 725 3688 tossen

234 3728 275 3795 H.
287 3728 332 3794 IV
351 3729 406 3814 12,
428 3728 498 3813 sse:
527 3730 678 3813 sinatque
706 3731 842 3796 ‘insulan
874 3733 965 3796 tanta
993 3732 1086 3795 sitan
1110 3729 1144 3817 (i.
1162 3753 1187 3795 e.
1211 3730 1319 3796 insula

142 3833 360 3923 Batavorum)
391 3856 582 3921 ocanpaoere,
612 3857 705 3919 quaen
734 3859 820 3902 nnana
840 3836 978 3904 Oceanus
1007 3859 1028 3901 a
1055 3837 1170 3921 frona,
1193 3836 1320 3903 Rimas
1388 3863 1390 3868 ’

142 3945 248 4009 amnis
271 3949 387 4026 mquam
410 3963 447 4007 ac
469 3943 566 4007 latera
593 3945 774 4008 cirenminit.
821 3943 886 4009 Vix
916 3944 979 4008 dici
1007 3948 1130 4029 potest,
1154 3942 1317 4009 Oceanum

142 4073 244 4116 unum
268 4055 396 4116 tantum
420 4049 545 4114 insulae
566 4048 651 4113 latus
670 4049 901 4127 circumluisse.
938 4050 1006 4114 Aut
1025 4052 1176 4136 suppleas
1200 4051 1318 4115 alluit

143 4180 183 4223 ex
207 4179 285 4223 voce
309 4155 534 4223 circumluit
557 4159 614 4220 aut
637 4157 780 4242 corrigas
804 4157 1059 4221 einennlnnnt.

233 4265 281 4331 lb.
295 4266 351 4350 31,
366 4265 483 4330 8-11
506 4259 612 4349 (vetus
631 4260 738 4346 miles)
755 4313 779 4328 ..
794 4265 875 4328 dixit
895 4269 1133 4342 sacramentnm,
1155 4286 1218 4329 non
1236 4267 1318 4331 uoltn

141 4393 237 4454 nane
259 4373 365 4436 anino
387 4372 465 4436 satis
487 4371 678 4452 adfirmans
708 4376 738 4434 et
762 4391 831 4435 enne
853 4375 949 4436 aetna
972 4372 1052 4435 inuris
1080 4372 1207 4437 innandi
1228 4373 1318 4438 nrcrba

141 4483 345 4566 recuperent,
374 4478 555 4560 Vespasiani
577 4499 687 4543 stenen
710 4477 893 4544 haesitantes
922 4483 978 4542 ant
1012 4478 1069 4543 teni
1105 4501 1263 4545 marmure
1292 4486 1320 4545 et
1391 4538 1396 4552 ,
