3268 5280
762 484 980 547 „12-

284 663 410 726 operum
432 627 487 708 ahl.
508 643 554 707 II
561 666 595 726 p.
614 650 657 710 38
679 645 805 710 notioni
823 642 1084 728 brachylogia
1102 642 1268 728 propriam
1288 640 1456 707 subiunxit

284 748 564 835 significationem.

375 857 479 922 Docet
501 861 611 923 antem
633 859 740 943 priore
764 859 849 924 loco:
880 857 950 940 ipso
971 862 1074 922 cunm
1092 857 1301 940 pramntotr'oo
1332 857 1456 922 omaso

284 985 395 1029 rursus
416 964 529 1048 duplant
556 970 618 1030 eat:
645 965 761 1049 ellipsis
788 971 818 1031 at
845 964 1054 1048 brachylogia,
1082 983 1213 1045 quoe...
1243 964 1288 1028 ito
1317 965 1397 1028 iuter
1425 985 1458 1030 so

284 1070 419 1150 differre
433 1076 547 1156 atomo,
574 1077 611 1136 ut
636 1073 670 1136 ia
697 1072 798 1155 ellipsl
826 1092 893 1136 cere
919 1092 956 1136 oc
971 1072 1068 1154 plone
1090 1071 1213 1149 aliquid
1238 1072 1385 1136 onasum
1407 1073 1457 1156 sit,

287 1178 320 1242 in
342 1177 537 1261 hraebylopco
558 1183 661 1243 cutem
683 1180 778 1262 specie
800 1180 948 1244 omissam
970 1180 1023 1256 sit,
1050 1199 1156 1262 reapse
1178 1178 1306 1243 acuar
1332 1179 1457 1245 dietum.

286 1282 371 1349 Dein
390 1284 523 1370 exponit
536 1286 658 1350 multas
678 1308 749 1351 esse
769 1285 865 1351 huius
880 1285 1111 1370 brachylogiao
1125 1284 1248 1370 specics
1268 1307 1306 1350 ac
1319 1285 1457 1370 formas3

286 1413 423 1476 quarum
437 1415 535 1457 unam
555 1415 574 1458 a
593 1393 786 1479 quibusdam
800 1391 1022 1478 grammaticis
1033 1389 1080 1479 (l)
1094 1391 1251 1477 peculiari
1270 1414 1307 1457 ac
1325 1392 1456 1478 proprio

284 1498 510 1583 βραχυλογίας
540 1500 672 1564 nomine
705 1521 775 1564 esse
805 1497 1084 1584 comprehensam,
1117 1520 1189 1563 cam
1225 1499 1364 1584 scilicet,
1391 1522 1457 1584 qua

286 1629 325 1670 ex
356 1628 421 1670 uno
454 1606 613 1672 vocabulo
646 1607 785 1673 alterum
813 1606 864 1671 vel
893 1605 1002 1671 radice
1029 1609 1204 1691 cognatum
1236 1605 1288 1670 vel
1322 1605 1456 1671 notione

286 1713 491 1778 coniunctum
514 1714 729 1778 mutuandum
752 1736 790 1778 ac
812 1714 1023 1799 repetendum
1047 1711 1276 1778 sit-Altero
1300 1711 1372 1778 loco
1392 1712 1457 1777 tria

286 1839 405 1904 genera
424 1819 592 1885 discernit:
615 1820 770 1906 primum,
793 1843 866 1886 cum
884 1820 1079 1886 vocabulum
1098 1819 1230 1905 aliquod
1250 1819 1351 1884 semel
1369 1819 1456 1905 posi-

284 1929 355 1991 tum
382 1925 433 1991 bis
462 1927 506 1991 sit
533 1927 757 2014 cogitandum3
790 1928 946 2014 alterum,
974 1949 1047 1993 cum
1079 1928 1114 1992 in
1147 1925 1306 1992 vocabulo
1345 1926 1455 2012 aliquo

285 2031 393 2098 simile
416 2033 609 2099 vocabulum
634 2034 746 2101 eadem
769 2035 875 2100 radice
899 2038 1007 2100 ortum
1030 2035 1146 2119 lateat,
1169 2033 1217 2098 ita
1240 2037 1276 2097 ut
1300 2054 1392 2098 casus
1416 2056 1455 2099 ex

286 2161 375 2225 casu,
403 2139 520 2206 modus
542 2163 581 2206 ex
604 2141 716 2228 modo,
742 2163 862 2207 nomen
885 2164 924 2206 ex
948 2141 1046 2207 verbo
1071 2145 1103 2206 et
1130 2139 1289 2225 vicissim,
1318 2139 1456 2225 denique

285 2241 430 2331 ὁμογενῆ
458 2246 491 2324 ἐξ
520 2243 692 2333 ὁμογενῶν
716 2247 895 2313 mutuanda
919 2248 986 2313 sint
1012 2247 1053 2312 ad
1083 2246 1296 2332 supplendam
1328 2251 1456 2312 senten-

282 2355 364 2419 tiam
388 2351 564 2441 (simplicia
588 2378 626 2420 ex
650 2355 853 2441 compositis,
876 2355 1058 2439 composita
1077 2376 1116 2419 ex
1139 2352 1344 2440 compositis,
1368 2354 1456 2419 sim:

285 2461 386 2527 cf.l.l.
400 2485 431 2546 p.
450 2457 522 2548 4o);
545 2461 679 2527 tertium
699 2462 850 2548 denique,
873 2484 947 2527 oum
966 2460 1129 2526 contraria
1147 2460 1298 2526 vocabuli
1318 2460 1457 2526 alicuius

285 2567 426 2653 proximi
452 2567 544 2633 notio
573 2568 772 2653 cogitatione
805 2567 952 2633 addenda
984 2567 1037 2632 sit.
1065 2603 1107 2614 —
1135 2565 1254 2652 Raph.
1282 2567 1456 2655 Kthner,

284 2674 449 2756 Ausfrllrrl.
459 2674 658 2740 Grammatilc
676 2676 729 2740 der
743 2676 845 2742 latera
863 2674 934 2758 Spr.
952 2673 1205 2759 v01.11p.104a
1224 2673 1457 2760 brachylogiae

284 2781 460 2847 terminum
482 2782 613 2866 proprie
636 2780 735 2848 refert
758 2780 799 2846 ad
822 2781 1016 2847 brevitatem
1040 2802 1123 2866 quae
1149 2781 1188 2844 fit
1214 2781 1249 2845 in
1277 2782 1456 2847 enuntiatis

285 2887 528 2974 contrahendis,
560 2909 710 2974 expresse
742 2892 869 2954 remota
903 2888 1106 2973 singulorum
1138 2888 1311 2953 verborum
1346 2888 1457 2974 ellipsi

285 2994 339 3079 (cf.
348 3018 378 3080 p.
391 2996 475 3060 1039
488 2999 521 3062 ct
532 2993 642 3083 1042).
652 3033 693 3042 -
706 2994 769 3061 Sed
783 3016 886 3081 neque
896 2993 1090 3061 Doederlein
1104 3017 1208 3081 neque
1218 2994 1354 3061 Kuhner
1368 2999 1456 3062 recte

210 3113 214 3122 '
285 3102 391 3188 egisse
410 3103 504 3169 nobis
523 3102 687 3188 videntur,
712 3103 798 3188 quod
820 3101 995 3168 terminum
1018 3101 1251 3189 brachylogiae
1270 3103 1311 3168 ad
1330 3108 1455 3168 certum

284 3208 427 3274 breviter
450 3208 576 3275 dicendi
601 3229 704 3294 genus
727 3209 891 3296 pertinere
913 3208 1099 3295 voluerunt3
1131 3213 1191 3274 est
1220 3209 1320 3274 enim
1348 3209 1385 3276 vi
1414 3233 1457 3275 ac

283 3319 424 3381 natura
445 3320 522 3381 tam
547 3317 674 3400 ampla
703 3319 740 3380 et
766 3314 886 3403 fluxa,
916 3321 958 3383 ut
986 3317 1109 3382 solum
1139 3315 1185 3380 ad
1215 3318 1338 3381 totam
1368 3317 1455 3381 bre-

284 3423 386 3488 uiter
415 3422 567 3488 dicendi
594 3422 786 3488 rationem
822 3422 926 3490 iuste
960 3422 1097 3489 referri
1130 3422 1266 3508 possit.
1317 3422 1454 3490 Ilrrores

285 3532 395 3596 autem
417 3529 553 3617 gignere
577 3527 686 3616 debet,
710 3551 782 3595 cum
805 3529 932 3595 notioni
956 3529 1126 3616 angustior
1148 3551 1262 3594 sensus
1286 3528 1456 3615 subicitur,

285 3660 382 3723 quam
406 3638 436 3703 ei
459 3636 660 3722 etymologia
682 3641 716 3703 et
738 3637 970 3703 consuetudine
992 3636 1158 3702 tribuitur.

680 3906 725 3984 Il.
752 3906 807 3982 De
836 3906 1059 4000 aposiopesi
1178 3933 1183 3944 ¹

373 4063 725 4152 Veraesthaecfigura,
738 4087 821 4151 quae
831 4065 868 4130 fit
879 4087 947 4150 per
963 4064 1261 4132 detractionem:
1273 4064 1456 4142 cf.Quintil.

283 4170 331 4236 IX
350 4172 385 4274 3,
403 4171 445 4237 58
463 4193 529 4256 seq.
547 4171 768 4238 Phoebemmo
786 4169 850 4259 (ap.
864 4171 968 4236 Wala.
988 4171 1070 4237 VIII
1088 4197 1119 4258 p.
1137 4171 1217 4256 505,
1235 4192 1287 4254 ap.
1302 4168 1455 4256 Spengel.

283 4277 334 4343 ΠΙ
352 4277 410 4364 50,
434 4279 453 4344 8
473 4276 554 4366 seq.)
576 4279 635 4363 τῆς
657 4276 787 4355 ἐνδείας
810 4276 909 4343 ἐστίν.
931 4315 969 4325 -
991 4277 1234 4344 Praemittenda
1261 4281 1338 4342 sunt
1360 4276 1456 4342 haec:

372 4383 561 4472 Rutilius,
583 4386 605 4452 l.
623 4386 644 4450 l.
662 4408 694 4470 p.
713 4387 753 4451 18
772 4387 793 4466 ἓ
813 4386 852 4449 11
882 4385 1059 4451 terminum
1086 4379 1339 4468 παρασιώπησις
1363 4382 1456 4451 hisce
1517 4395 1528 4400 “
1618 4417 1619 4454 l

283 4491 392 4558 verbis
411 4491 535 4558 definit:
