3242 5284
636 496 900 562 „13-.

249 653 321 720 Ηοο
341 658 393 740 eet,
415 674 485 720 ικνι
507 654 630 740 aliquid
649 677 707 722 uos
728 658 851 722 reticere
871 657 1002 724 dicimus
1023 662 1053 723 et
1073 662 1176 724 tomen
1203 658 1330 724 ίαοίίιιικ

160 761 353 844 intellegite.
389 761 436 826 Et
455 759 512 828 ίιοι
532 764 679 828 amodum
701 769 758 842 est,
780 784 849 829 oum
871 769 928 830 out
948 768 1054 830 notam
1075 786 1140 830 rem
1158 785 1220 832 osee
1239 765 1330 830 oudi-

159 867 277 933 ton‘bus
304 868 496 934 orbiiramur
527 872 583 934 ααί
610 871 813 954 suspicionem
840 872 973 937 εποίίσνε
1003 873 1152 938 maiorem
1181 872 1331 937 retieeiido

152 995 330 1058 possamus.
362 1011 404 1022 -
436 973 507 1042 Sibi
540 976 611 1061 ipse
644 981 807 1062 repugnat
835 977 1077 1063 epitomator
1104 977 1329 1044 Rutilianus

158 1103 224 1148 uno
249 1083 398 1168 exemplo
420 1080 628 1169 Lyeurgiano
653 1083 768 1169 allato,
791 1105 855 1169 quo
879 1084 1017 1171 aliquid,
1044 1085 1131 1171 quod
1153 1085 1329 1151 taciturum

158 1211 194 1256 se
217 1211 289 1256 esse
308 1209 459 1274 expresse
476 1187 633 1255 indicavit
650 1194 774 1275 orator,
792 1212 857 1257 non
875 1195 944 1257 tam
964 1214 1000 1258 re
1018 1214 1095 1258 vera
1113 1191 1331 1258 omittitur-

157 1297 208 1363 ita
236 1295 367 1383 quidem
390 1298 427 1359 ut
453 1295 590 1362 tacitum
618 1296 818 1382 cogitatione
845 1299 1062 1385 supplendum
1085 1299 1143 1386 sit,
1165 1335 1209 1346 —
1232 1321 1329 1384 quam

156 1401 402 1491 praeteritionis
425 1423 507 1488 quae
530 1402 648 1470 dieitur
670 1404 777 1489 figura
800 1403 949 1470 adhibita
964 1427 1078 1492 reapse
1095 1405 1239 1472 breviter
1255 1427 1328 1491 pro·

157 1510 345 1596 nuntiatur,
373 1531 445 1575 oum
468 1509 608 1576 alterum
630 1533 670 1576 ex
692 1508 857 1596 Hyperide
885 1516 1052 1599 sumptum
1078 1511 1264 1597 exemplum
1292 1533 1330 1578 ea

158 1622 274 1685 utatur
295 1617 436 1702 ratione,
462 1620 500 1682 ut
523 1638 575 1682 res
598 1641 638 1683 ex
660 1618 823 1703 promisso
846 1619 983 1685 taoenda
1010 1619 1195 1686 reticeatur.
1239 1618 1331 1686 Haeo

161 1729 234 1792 aunt
254 1723 425 1809 Lycurgi
443 1724 556 1790 verba:
574 1724 617 1789 Ικ
629 1727 817 1811 praesentio,
835 1727 961 1811 iudico,
983 1727 1106 1794 iniussu
1122 1727 1234 1810 populi
1250 1748 1330 1810 ριιαι

161 1832 384 1918 improbissime
409 1832 536 1915 gesserit
561 1832 702 1897 reticebo:
729 1834 766 1898 de
785 1832 879 1914 falsis
900 1835 967 1900 eiua
985 1835 1111 1918 littoris,
1132 1854 1211 1917 quos
1228 1835 1272 1900 ad
1287 1855 1330 1900 se

158 1946 268 2006 καίκικ
300 1937 437 2023 miserit,
468 1937 552 2004 uidit
582 1939 700 2004 dicam:
734 1961 811 2022 quoe
838 1941 888 2006 iili
918 1961 1007 2023 saepe
1037 1940 1231 2006 interminati
1260 1941 1330 2008 sitis

156 2049 308 2113 ωκίίίακι.
345 2045 433 2110 Nom
455 2049 485 2110 εί
509 2044 582 2110 haee
609 2045 693 2112 volite
714 2051 790 2113 ποία
811 2051 885 2113 suut
910 2052 939 2112 ιί
960 2067 1038 2130 quoe
1054 2048 1217 2114 κονίεείαια
1234 2049 1330 2114 mutu>

154 2155 337 2238 ι’πιίιρκίονα
367 2152 531 2238 oommisii,
558 2173 652 2236 ρκοκι
668 2155 811 2236 peinana
833 2155 1043 2238 ωγκωωκάα.
1087 2153 1178 2221 Haeo
1199 2153 1328 2241 Hype-

154 2261 271 2328 ridis:
296 2259 386 2342 Cogis
403 2279 452 2324 κιο
469 2259 607 2326 iniuriae
625 2266 840 2327 traorensem
852 2259 1019 2344 proferre?
1051 2261 1143 2327 Nihil
1160 2263 1244 2346 πρίω·
1266 2283 1329 2328 non

153 2370 277 2436 dicam:
299 2369 353 2435 sed
371 2365 474 2450 ίγιεπνι
497 2370 613 2452 temptes
633 2389 702 2433 oum
717 2367 890 2452 patefaciet.

248 2465 440 2556 Comparari
462 2475 573 2557 potest
590 2473 910 2541 Phoebammonis
934 2475 1176 2562 praeteritionis
1196 2475 1329 2542 oiroum·

155 2573 295 2660 soriptio
310 2572 575 2664 (apwalnvlll
596 2604 627 2666 p.
639 2581 718 2667 5073
735 2580 886 2670 Spengel.
901 2582 952 2648 III
970 2581 1022 2667 51,
1043 2575 1112 2670 14):
1130 2578 1329 2666 παράλειψις

156 2677 197 2746 δὲ
226 2677 302 2765 ἤτοι
330 2678 558 2770 όποσιιόπησίς
586 2685 654 2753 ἐστι
682 2685 792 2774 νόημα
816 2687 853 2755 ἐν
876 2685 1095 2776 προσποιήσει
1123 2691 1248 2775 σιωπῆς
1272 2685 1327 2755 od-

155 2783 218 2854 δὲν
242 2776 342 2873 ἦττον
364 2788 557 2879 λεγόμενον.

247 2896 345 2964 Haud
369 2901 509 2967 multum
532 2901 627 2968 abest
649 2903 689 2968 ab
712 2902 880 2970 Rutiliana
898 2904 957 2970 illa
974 2901 1257 2989 παρασιωπήσεως
1275 2904 1328 2971 de·

153 3002 321 3092 finitione,
349 3007 499 3093 quod-de
522 3009 707 3095 aposiopesi
735 3035 774 3076 ex
797 3009 1008 3078 Alexandri
1035 3010 1216 3078 Numenii
1243 3011 1327 3076 libro

155 3111 300 3196 genuino
324 3113 472 3179 exhibuit
494 3115 692 3201 epitomator
715 3117 847 3203 quidam
866 3115 968 3204 (apud
981 3117 1086 3185 Walz.
1102 3117 1184 3184 VIII
1202 3141 1233 3204 p.
1252 3117 1328 3203 450,

156 3215 301 3304 Spengel
325 3219 376 3286 III
401 3223 458 3307 22,
484 3223 517 3308 λς
549 3223 589 3289 of.
617 3221 785 3310 Steusloff,
816 3225 927 3308 quiores
957 3227 993 3292 de
1024 3227 1126 3292 cuneis
1152 3224 1329 3290 Alandri

155 3326 311 3392 Numenii
337 3325 411 3412 περί
506 3326 684 3416 σχημάτων
715 3331 790 3397 iiber
811 3334 975 3417 putandus
1005 3335 1048 3400 sit
1077 3330 1218 3419 ιρκιίκε,
1252 3330 1328 3396 diss.

155 3432 293 3500 Vratisl.
303 3458 334 3520 p.
345 3434 366 3500 5
378 3433 471 3523 seq.):
484 3429 792 3521 teneraetenerae
807 3434 906 3522 λόγος
920 3437 1094 3506 ἐπιτείνων
1107 3433 1146 3504 πὸ
1159 3447 1326 3522 παρασιω-

155 3536 314 3626 πεόμενον
338 3538 391 3629 (of.
413 3543 513 3609 verba
535 3543 704 3610 Rutiliana
731 3546 992 3630 suspicionem
1015 3546 1185 3612 excitare
1208 3544 1326 3610 maio·

156 3671 235 3714 rem
259 3645 476 3738 reticendo)
497 3643 518 3735 ἢ
536 3654 749 3734 παραλείπων
772 3649 810 3719 τὸ
833 3649 1107 3738 γιγνωσκόμενον
1132 3650 1234 3739 (Rutz
1261 3673 1326 3716 110·

156 3759 235 3820 tam
255 3778 333 3821 rem
357 3779 441 3824 esse
459 3755 724 3846 auditoribus)
743 3753 764 3842 ἢ
784 3761 919 3826 σιωπῶν
937 3759 975 3825 τὸ
991 3755 1147 3844 αίσγρόν·
1171 3757 1325 3823 ἐπιτείνει

156 3859 219 3946 μὲν
239 3853 303 3929 οὖν
325 3859 363 3929 τὸ
386 3862 706 3950 παρασιωπιόμενον,
730 3861 774 3942 ὥς
797 3867 1033 3952 Δημοσθένης·
1062 3854 1112 3956 „pi
1136 3860 1244 3951 μήτηρ
1263 3860 1325 3951 μὲν

155 3963 283 4055 ὑπῆρχε
306 3976 447 4054 πολίνις,
471 3967 577 4055 πατὴρ
600 3969 636 4038 di
661 3968 722 4038 οὐκ
753 3971 817 4056 ἐρῶ
848 3969 970 4040 πόθεν·
1001 3969 1103 4040 οὐδὲν
1126 3968 1189 4056 γὰρ
1208 3977 1324 4038 πλείον

156 4079 223 4144 τῶν
234 4071 427 4162 ἀναγκαίων
437 4073 541 4144 αὐτὸν
552 4075 794 4162 ἐξετόσασθαιιό
805 4085 839 4145 et
848 4103 878 4166 q.
885 4103 909 4146 s.
923 4117 959 4128 -—
972 4081 1024 4146 Ad
1034 4080 1172 4147 eundem
1183 4079 1324 4146 Alexan·

158 4185 342 4250 drilibrum
358 4186 495 4252 redeunt
510 4209 592 4271 quae
616 4185 787 4252 Zonaeus
807 4191 841 4252 et
855 4209 1061 4273 anonymus
1077 4186 1209 4273 quidam
1224 4186 1324 4253 tradi·

158 4292 287 4358 derunt:
310 4292 456 4359 Zonaeue
481 4289 547 4379 (ap.
566 4292 671 4360 Wala
688 4294 769 4360 VIII
789 4318 820 4380 p.
839 4295 918 4380 677,
945 4291 1095 4380 Spengel.
1113 4292 1163 4359 HI
1185 4294 1257 4380 163,
1276 4291 1325 4380 5):

152 4392 385 4483 ’ἀποσιώπησις
400 4396 500 4483 λόγος
520 4403 733 4482 παραλείπων
755 4396 792 4466 τὸ
816 4397 1090 4486 γιγνωσκόμενον
1112 4398 1167 4466 καί
1189 4402 1324 4467 σιωπῶν

157 4500 194 4570 τὸ
221 4501 362 4590 αἰσχρόν
391 4504 553 4594 (sequItur
581 4505 793 4595 exemplum);
825 4530 1006 4594 anonymus
1034 4505 1100 4595 (ap.
1119 4507 1222 4573 Walz.
1242 4506 1324 4573 VIII
