3222 5278
759 493 804 504 -
852 456 913 522 156
961 493 1001 503 ·—

1413 575 1471 614 nta-

615 613 788 686 cogitatione
811 616 855 670 est
876 613 1060 685 repetendum
1083 615 1133 668 aut
1153 630 1257 669 novum
1276 615 1393 669 verbnm

616 721 650 760 ex
668 720 701 760 eo
721 703 921 775 supplendum,
944 703 1019 758 unde
1038 701 1128 758 oratio
1147 702 1263 774 obliqua
1280 704 1393 776 proprie

615 795 730 864 regatur
765 821 1392 850 ...............
1430 801 1467 849 67

563 901 594 955 Β.
614 903 664 957 ant
685 900 792 972 pendet
810 916 844 956 ex
861 901 948 956 verbo
966 898 1160 971 praedicativo
1179 899 1317 955 enuntiati
1335 899 1392 971 pri·

614 987 708 1057 marii,
722 990 755 1044 ut
769 989 828 1044 eins
843 987 984 1045 sententia
997 989 1047 1042 fiat
1061 989 1204 1057 absoluta,
1219 989 1395 1045 enuntiatum

616 1078 822 1144 secundarium
851 1078 916 1134 dein
944 1078 1069 1148 sequitur
1096 1078 1277 1148 epexegetice
1303 1078 1393 1134 oratio

616 1165 731 1236 oblique
749 1168 785 1223 ab
801 1167 962 1222 accusativo
977 1185 1000 1224 c.
1015 1167 1064 1223 inf.
1079 1167 1230 1239 incipiens,
1250 1185 1321 1236 quae
1335 1185 1394 1223 orn-
1420 1173 1421 1177 ’

614 1255 681 1310 nino
695 1273 752 1311 non
764 1256 871 1327 pendet
884 1273 918 1311 cx
931 1257 1018 1312 verbo
1033 1256 1171 1312 enuntiati
1184 1256 1323 1328 primarii,
1344 1258 1395 1312 sed

616 1362 650 1400 ex
667 1345 754 1400 verbo
774 1347 943 1417 supplendo,
963 1361 1019 1414 quo
1037 1344 1178 1400 indicetur
1196 1345 1242 1416 agi
1261 1345 1296 1400 de
1316 1345 1394 1415 cogi-

614 1433 769 1490 tationibus
787 1451 924 1506 personae
942 1434 1052 1505 agentis
1077 1476 1395 1491 ........
1433 1442 1469 1490 69

651 1523 846 1579 Praemittitur
860 1523 988 1594 quaestio
1002 1526 1037 1578 de
1048 1522 1174 1579 oratione
1184 1523 1306 1593 obliqua,
1322 1541 1396 1594 quae

686 1611 829 1668 inducitur
841 1612 988 1684 particulis
1008 1612 1167 1668 causalibus
1186 1630 1271 1682 nem,
1292 1613 1395 1681 enim,

687 1701 828 1772 quippe;
853 1744 1395 1759 .............
1432 1709 1467 1758 69

651 1791 697 1846 vel
707 1791 876 1861 copulativis
885 1790 976 1859 iisque
986 1790 1167 1862 epexegetice
1176 1782 1277 1862 positis
1287 1795 1332 1860 et,
1344 1809 1393 1860 ac,

687 1896 808 1949 neque,
831 1880 1045 1948 nequeenim
1070 1922 1393 1937 ........
1428 1887 1463 1935 71

616 1969 732 2040 Proprie
749 1971 919 2038 tractentur,
938 1987 1010 2039 qnae
1029 1970 1117 2024 san
1137 1969 1349 2040 proposuimus.
1388 2014 1394 2025 .
1432 1977 1468 2025 'lt

694 2093 791 2150 Oratio
810 2093 925 2163 obliqua
943 2093 1070 2164 sequitur

465 2187 492 2256 a)
511 2185 686 2242 enuntiatum
709 2183 904 2239 secundarium
927 2183 1107 2239 coniunctivo
1130 2183 1310 2240 adhortative
1329 2178 1394 2238 con·

509 2275 660 2330 formatum
677 2314 1395 2331 .................
1436 2282 1468 2330 71

460 2364 491 2434 b)
510 2364 687 2419 enuntiatum
705 2361 900 2418 secundarium
918 2360 1067 2417 relativum
1078 2403 1395 2420 ........
1436 2371 1470 2419 78

465 2455 491 2524 0)
510 2452 700 2524 accusativum
729 2455 758 2507 et
781 2450 952 2506 infinitivum
976 2450 1089 2523 proprie
1113 2469 1148 2506 ex
1165 2451 1227 2522 ipso
1246 2452 1332 2508 verbo
1351 2469 1395 2507 re-

510 2542 590 2612 genti
608 2543 763 2614 pendentes
812 2557 818 2598 .’
856 2582 1396 2598 .............
1435 2550 1470 2599 79

462 2630 492 2694 dl
511 2631 760 2702 interrogationem
777 2629 945 2685 indirectam
987 2672 1395 2687 ..........
1433 2637 1472 2686 80

464 2722 490 2790 e)
510 2719 684 2776 enuntiatum
703 2718 898 2775 secundarium
917 2737 935 2774 a
948 2717 1145 2774 coniunctione
1159 2720 1248 2789 quod
1262 2719 1340 2774 dass
1354 2719 1396 2774 in-

511 2807 618 2879 cipiens
637 2812 666 2864 et
683 2810 810 2880 proxime
828 2809 864 2863 ad
882 2807 940 2863 vim
960 2808 1098 2864 enuntiati
1117 2808 1238 2864 causalis
1258 2809 1394 2864 accedens
1427 2816 1466 2864 80

469 2882 687 2969 denuntiatum
705 2898 901 2954 secundarium
919 2897 1031 2954 causele
1079 2939 1395 2955 ........
1430 2903 1465 2953 88

464 2989 506 3057 g),
532 2989 575 3057 h),
599 2987 634 3059 i),
658 2988 689 3058 k)
716 2986 892 3043 enuntiatum
917 2985 1112 3042 secundarium
1136 2985 1304 3058 temporale,
1330 3003 1396 3042 con-

510 3075 663 3146 dicionem,
681 3077 811 3145 modale,
829 3076 913 3132 finade
946 3117 1396 3134 ...........
1436 3083 1474 3132 80

470 3165 491 3235 l)
510 3165 657 3221 enuntiata
673 3183 730 3221 non
748 3165 811 3237 ipsa
828 3165 919 3220 forma
938 3164 1115 3233 secundaria,
1135 3165 1185 3221 sed
1204 3164 1345 3220 sententia
1389 3209 1396 3222 .
1437 3173 1474 3224 86

570 3272 599 3330 (l.
618 3276 668 3327 ant
684 3273 800 3328 verbum
817 3289 917 3343 regens
937 3271 1075 3328 enuntiati
1091 3271 1218 3343 primarii
1231 3271 1344 3343 proprie
1358 3273 1397 3326 ad

617 3361 757 3418 obiectum
775 3360 890 3431 aliquod
906 3361 1041 3432 pertinet3
1063 3360 1159 3431 itaque
1179 3379 1236 3417 non
1252 3361 1345 3432 ipsum
1359 3362 1398 3416 ad

617 3451 779 3518 sequentem
794 3449 949 3505 orationem
963 3449 1106 3520 obliquam
1115 3450 1325 3522 referripotest,
1340 3469 1398 3520 qua

618 3554 663 3606 ea,
683 3555 754 3607 quae
773 3538 918 3594 enuntiato
937 3538 1071 3611 primario
1085 3539 1179 3596 verbis
1193 3539 1398 3610 sententiisque

617 3627 746 3684 absoluto
766 3627 956 3698 continentur,
976 3628 1133 3685 accuratius
1152 3629 1350 3701 explicantur.
1390 3673 1396 3685 .
1437 3637 1475 3686 88

298 3754 332 3810 ΙΙ.
353 3751 583 3809 substantivis
601 3751 774 3808 adiuncta.

350 3867 386 3915 ¹1.
407 3857 618 3914 Substantivum
644 3877 708 3914 cum
732 3861 818 3915 verbo
843 3860 885 3916 ita
911 3857 1090 3916 coniunctum
1109 3863 1164 3931 est,
1190 3863 1296 3938 utruna
1313 3861 1397 3932 quasi

407 3949 545 4004 efficiatur
557 3947 648 4017 notio,
664 3965 698 4004 ex
710 3966 767 4018 qua
781 3949 871 4004 oratio
886 3948 1002 4018 obliqua
1015 3953 1059 4005 est
1072 3967 1215 4022 suspensa,
1229 3950 1271 4006 ita
1281 3951 1398 4020 quidem

404 4039 438 4091 ut
454 4037 571 4092 verbum
589 4054 689 4108 regens
709 4039 884 4108 suppleatur;

466 4133 492 4190 a)
513 4125 687 4181 enuntiatum
706 4126 780 4182 enim
798 4126 962 4198 primarium
981 4130 1011 4184 et
1028 4127 1122 4184 verbis
1142 4132 1170 4184 et
1185 4130 1332 4186 sententiis
1348 4133 1397 4186 ab·

512 4215 634 4270 solutum
653 4215 761 4271 estnec
775 4215 887 4287 indiget
900 4216 1034 4272 orationis
1049 4217 1192 4288 obliquae,
1211 4237 1283 4288 quae
1298 4238 1399 4292 epexe-

512 4302 604 4373 getice
624 4303 737 4358 additur
767 4347 1397 4366 ...............
1439 4319 1470 4368 91

463 4392 494 4463 b)
514 4409 549 4447 ex
571 4391 716 4448 enuntiato
741 4393 875 4465 primario
894 4395 1000 4466 pendet
1018 4394 1096 4450 aliud
1115 4396 1303 4468 enuntiatum
1330 4399 1399 4455 dein

455 4486 462 4502 ·
512 4481 638 4550 seqnitur
656 4482 746 4538 oratio
765 4483 881 4554 obliqua
