3242 5284
646 439 864 504 ..23-

168 623 199 684 p.
223 599 297 664 569.
344 599 433 665 Haec
462 599 627 665 sufficiunt
656 600 695 665 de
724 599 785 664 hac
815 599 967 684 ellipseos
997 596 1117 682 specie,
1154 617 1236 681 quac
1272 615 1337 662 non

166 706 232 773 nisi
250 710 389 792 propter
406 706 577 772 historiam
600 707 669 772 eius
688 706 819 773 termini
837 705 965 791 plenius
984 702 1187 770 scribendam
1205 725 1225 766 a
1242 699 1337 767 nobie
1419 775 1423 786 Ι

166 813 290 898 attingi
318 813 439 879 debuit
492 813 598 880 Multo
628 814 732 880 maior
762 819 812 880 est
840 812 936 878 nobis
970 834 1046 878 cura
1080 814 1178 896 atque
1208 807 1337 874 utilitas

166 919 200 984 in
228 917 413 1004 indaganda
439 920 543 987 altera
574 921 632 987 illa
657 919 1048 1006 rhetorico-syntecticis,
1080 922 1118 982 ut
1148 917 1196 982 ita
1223 915 1337 1000 dicam,

167 1026 320 1111 ellipseos
343 1026 456 1094 forma.

165 1273 237 1326 quae
257 1258 397 1326 astrata,
417 1257 535 1312 alteram
553 1259 690 1326 nostram,
710 1273 781 1326 quae
800 1258 844 1312 est
861 1255 935 1311 falsa
958 1252 1126 1310 elocutionis
1145 1253 1242 1323 figura.
1279 1251 1335 1306 Sed

164 1348 274 1417 partem
292 1348 404 1400 tantum
421 1345 504 1400 huius
523 1345 693 1402 definitionis
718 1343 908 1412 exhibuimus3
932 1343 1041 1413 reliqua
1064 1342 1124 1397 cius
1147 1342 1234 1398 verba
1257 1342 1334 1395 sunta

166 1433 287 1504 ἔλλειψις
299 1431 397 1505 λόγον·
413 1431 545 1504 ,κᾶπειτ’
556 1431 613 1490 ἀπὸ
625 1434 732 1506 ταρροῦ
744 1431 811 1498 τούς
822 1431 912 1495 θεοὺς
923 1429 1126 1502 ὑπερφρονεῖς,
1141 1426 1197 1485 ἀλλ’
1209 1425 1261 1485 οὖν
1277 1425 1334 1484 ἀπὸ

165 1523 213 1592 τῆς
222 1525 285 1594 γῆς,
301 1525 402 1594 οἴκτρ’ι
422 1523 468 1594 (cf.
481 1523 622 1595 Aristoph.
633 1525 699 1580 nub.
709 1530 761 1580 226
771 1543 793 1580 a.
804 1523 887 1578 Dind.
897 1524 974 1594 poet.
985 1539 1077 1576 scaen.
1089 1523 1154 1590 gr.)·
1175 1515 1294 1574 ἐλλείπει
1303 1513 1334 1572 τὸ

166 1655 182 1679 „
189 1607 306 1684 ἐβούλου
313 1615 330 1642 “
348 1607 367 1682 ἢ
388 1611 439 1680 ,εί
454 1605 490 1682 ἦν
511 1609 634 1668 δυνατὸν
651 1609 807 1682 ἄνθρωπον
825 1609 895 1668 ὄντα
914 1611 1071 1682 διαγνῶναι
1089 1605 1123 1664 τὰ
1142 1611 1244 1664 θεῖα“,
1268 1602 1333 1661 Ἐλ-

168 1705 254 1771 teactae
272 1696 422 1772 ὀνομάτων
441 1699 573 1774 §apriano
592 1703 640 1756 καί
658 1701 842 1772 προθέσεων·
866 1698 959 1756 πάντα
978 1697 1031 1771 γὰρ
1046 1695 1130 1769 λόγον
1150 1693 1180 1764 ἒξ
1195 1693 1334 1767 ὀνόματος

171 1790 215 1844 καὶ
226 1787 347 1862 ῥήματος
367 1787 480 1862 ἀνάγκη
505 1793 699 1861 συνίστασθαι,
719 1787 788 1846 ἀλλὰ
808 1789 837 1845 οἱ
852 1786 965 1846 ’alrami
984 1790 1135 1860 συντομίας
1150 1783 1231 1858 χάριν
1242 1781 1332 1841 ἐνίοτε

169 1875 287 1950 θάτερον
306 1877 415 1936 τούτων
433 1884 565 1936 νοεῖσθαι
584 1877 723 1950 διδόασιν,
743 1877 789 1937 ἐπὶ
808 1875 956 1951 ὀνόματος,
976 1877 1037 1934 οἷον
1057 1873 1210 1947 ,ἐνταῦθα
1229 1879 1332 1930 πωλεῖν

166 1987 193 2022 τε
211 1966 262 2039 χρὴ
282 1970 331 2024 καὶ
350 1965 512 2026 ὥνεῖοθαι“
531 1968 578 2039 (of.
590 1967 754 2024 Philone-at.
768 1968 872 2026 heroic.
887 1989 914 2041 p.
930 1973 1001 2038 eol),
1020 1961 1160 2022 λείπειτὸ
1180 1959 1265 2036 ,τινὰ
1285 1960 1332 2018 ἄν·

163 2061 303 2128 θρωπον“
323 2054 462 2128 δηλονότι.

250 2146 411 2202 Verisimile
431 2149 488 2216 est,
508 2147 583 2218 qnod
601 2145 658 2201 iam
671 2145 871 2201 Boissonadins
894 2145 1053 2217 suspicatur
1073 2147 1127 2212 est,
1146 2147 1235 2199 totam
1259 2144 1332 2197 hanc

162 2234 353 2291 definitionem
372 2253 433 2292 esse
448 2235 635 2303 subditiciam,
654 2235 776 2306 primurn
794 2236 871 2305 quod
889 2234 1079 2306 etymologica
1097 2233 1148 2288 illa
1157 2231 1266 2303 ellipsis
1285 2233 1331 2287 vel

160 2325 358 2395 grammaticas
377 2324 650 2396 orthographiaeque
665 2323 781 2396 propria
790 2323 903 2381 omnino
917 2340 974 2379 non
988 2328 1032 2380 est
1045 2325 1135 2394 figura
1149 2319 1330 2388 elocutionis3

161 2413 263 2469 deinde
283 2415 358 2485 qnod
382 2413 487 2470 nullius
511 2414 583 2470 alius
606 2415 712 2485 figurae
731 2403 856 2469 Zonaeus
879 2412 1029 2485 proposuit
1049 2413 1109 2467 tam
1133 2411 1259 2466 diversae
1283 2410 1330 2465 de-

160 2502 491 2576 finitiones;.postremo,
511 2504 585 2575 quod
604 2504 731 2559 Zonacns
750 2503 939 2558 Alexandrum
964 2501 1116 2573 diligenter
1139 2502 1250 2556 secutus
1270 2498 1330 2555 eius

160 2591 450 2665 circumscriptionem
469 2593 602 2664 ellipaeos
621 2592 717 2663 paullo
736 2595 801 2648 ante
822 2591 879 2647 iam
897 2591 1012 2664 recepit.
1050 2590 1131 2646 Unde
1150 2591 1244 2645 autam
1262 2589 1329 2643 hau-

160 2681 229 2736 serit
248 2699 309 2738 eam
327 2681 375 2737 vix
393 2681 487 2738 dicere
505 2699 665 2753 possumus;
689 2681 739 2737 sed
757 2680 911 2736 verisimile
934 2679 1046 2736 videtur
1065 2697 1128 2736 eam
1150 2696 1167 2734 a
1190 2695 1328 2749 gramma·

158 2770 216 2826 tico
236 2773 371 2841 quodam,
390 2788 447 2826 non
465 2788 483 2826 ο
500 2771 612 2826 rhetore
632 2787 692 2826 csse
711 2770 875 2841 repetitam
893 2786 959 2824 narn
978 2773 1007 2825 et
1025 2769 1102 2841 prior
1114 2768 1167 2823 illa
1182 2785 1254 2840 pars,
1275 2785 1330 2838 qua

160 2861 331 2930 syllabarum
344 2862 391 2916 rel
404 2861 564 2916 litterarum
578 2859 718 2916 detractio
733 2862 884 2930 tractatur,
900 2862 930 2915 et
943 2859 1034 2914 altera
1047 2857 1112 2927 illa,
1132 2873 1203 2928 quae
1218 2861 1330 2929 spectat

160 2950 197 3004 a'd
215 2948 390 3021 singularum
406 2949 629 3022 compluriumve
644 2966 745 3004 vocum
760 2949 909 3016 defectum,
928 2965 979 3002 nos
994 2949 1104 3017 relegat
1116 2947 1153 3001 ad
1165 2947 1327 3017 grammati·

160 3054 254 3094 corum
273 3039 432 3095 doctrinam
446 3041 606 3095 versantem
622 3038 713 3106 magis
727 3039 758 3093 in
771 3037 896 3108 ipsorum
910 3038 1059 3092 verborum
1074 3052 1145 3105 quae
1161 3035 1329 3094 omittuntur

159 3131 258 3183 natura
276 3126 445 3199 explicanda
463 3144 547 3198 qnam
566 3127 595 3182 in
614 3127 655 3183 eis
674 3126 880 3194 describendis,
900 3142 971 3197 quae
991 3124 1141 3180 omissione
1160 3125 1327 3196 efficiuntur,

159 3217 234 3287 qnod
251 3216 306 3272 fuit
323 3217 475 3273 rhetorum.
512 3217 593 3283 Quod
611 3215 748 3272 iudicium
767 3215 803 3270 ad
827 3213 977 3270 veritatem
999 3230 1087 3286 prope
1111 3214 1245 3270 accedere
1263 3233 1327 3286 pro·

116 3351 119 3356 .
158 3306 241 3361 batur
258 3305 396 3377 imprimis
416 3305 522 3375 verbis,
543 3323 614 3376 quae
633 3305 753 3375 legimus
772 3306 790 3359 l.
806 3306 838 3359 l.:
857 3300 1019 3374 πάνταγὰρ
1038 3299 1122 3374 λόγον
1142 3299 1171 3370 ἐξ
1186 3299 1328 3375 ὀνόματος

158 3398 206 3451 καί
233 3391 359 3467 ὁήματος
385 3391 496 3466 ἀνάγκη
525 3399 723 3462 σονίοταοθαις
751 3411 864 3466 prorsus
892 3392 967 3448 enim
993 3393 1124 3448 redolent
1150 3393 1327 3463 grammatici

158 3484 279 3542 cuiusvis
304 3484 473 3553 doctrinam,
497 3484 617 3540 fortasse
635 3483 799 3552 Atticistae‚
824 3483 890 3553 qnia
912 3498 1043 3553 expressa
1062 3481 1221 3537 Atticorum
1244 3483 1326 3539 omit-

157 3574 235 3630 tendi
253 3591 320 3629 urus
339 3576 579 3630 commemoratur.
616 3575 655 3629 At
673 3573 749 3630 enim
771 3572 982 3628 concedendum
1001 3574 1045 3627 est
1067 3570 1152 3626 etiam
1171 3589 1189 3626 a
1206 3572 1325 3628 rhetori-

157 3665 216 3733 bus,
236 3663 285 3734 qui
304 3663 338 3719 de
357 3663 446 3735 tropis
466 3663 657 3734 grammaticis
676 3663 855 3734 scripserunt
875 3660 1097 3731 etymologIcam
1112 3660 1245 3732 ellipseos
1264 3679 1325 3733 spe-

157 3753 228 3809 ciem
256 3768 317 3808 csse
344 3755 487 3823 receptam
512 3751 557 3823 (cf.
577 3753 691 3822 Trypho
711 3769 756 3823 ap.
771 3751 859 3806 Wala.
874 3769 902 3822 p.
924 3757 988 3818 745,
1009 3751 1139 3820 Spengel.
1153 3750 1194 3803 III
1209 3770 1237 3821 p.
1254 3743 1323 3821 19¹8).
1365 3735 1370 3746 ¹

157 3843 235 3911 Quod
261 3859 297 3898 ne
321 3841 405 3897 nimis
428 3840 530 3896 mirum
548 3841 690 3910 videatur,
719 3839 886 3906 Quintiliani
904 3840 992 3916 verba
1010 3839 1199 3909 adponentur,
1223 3840 1324 3909 quibus

156 3933 288 3987 docemur
306 3933 403 4003 tropos
422 3947 476 3987 cecc
493 3931 564 3986 αλῖοο
581 3931 614 3984 ι’νι
627 3931 716 3986 νειοῖο
728 3931 854 4000 propriis
871 3930 941 3984 οῖῖοο
955 3929 988 3983 ta
1001 3928 1154 3997 tumulatis,
1172 3931 1324 4000 certique

153 4024 279 4090 formae
307 4038 374 4077 ποιι
404 4022 577 4076 verboram
603 4021 682 4076 modo
713 4020 760 4074 ced
787 4026 812 4074 ct
838 4034 966 4074 οωιοιιιιοι
993 4024 1018 4072 et
1046 4019 1248 4087 conpositionis
1276 4019 1322 4089 (cf.

155 4109 248 4175 Quint.
258 4109 325 4164 VIII
335 4117 360 4176 6,
379 4112 415 4180 2).
452 4109 602 4163 Praeterea
621 4106 806 4178 syntecticam
823 4104 903 4160 illam
920 4104 1162 4176 praepositionum
1180 4107 1324 4164 nominum

155 4200 302 4255 verborum
322 4197 437 4269 ellipsin
454 4196 543 4268 tropis
562 4214 623 4252 essa
641 4197 853 4251 adnumeratam
867 4197 1003 4266 probatur
1016 4194 1234 4265 definitionibus,
1254 4213 1323 4265 quas

155 4286 277 4360 amplexi
301 4289 366 4341 sunt
388 4303 542 4357 anonymus
565 4286 681 4356 quidam
703 4303 748 4356 ap.
768 4286 855 4340 Walz.
868 4284 934 4339 VIII
947 4303 976 4356 p.
993 4290 1146 4353 721-722,
1170 4285 1322 4356 Gregorius

155 4375 327 4445 Corinthius,
346 4375 385 4431 ib.
398 4393 426 4446 p.
438 4380 502 4444 771,
522 4374 658 4445 Georgius
677 4375 888 4430 Choeroboscus
905 4373 944 4428 ib.
959 4391 986 4444 p.
1004 4380 1056 4430 818
1075 4373 1121 4444 (cf.
1137 4373 1268 4448 Spengel.
1283 4375 1323 4430 III

153 4485 180 4538 p.
195 4473 261 4535 211,
280 4471 345 4534 221,
365 4467 437 4537 252).
474 4464 580 4531 Quibus
604 4467 735 4521 accurate
753 4463 828 4522 inter
846 4481 875 4522 se
895 4463 1077 4537 comparatis:
