3268 5280
766 461 985 555 48-

290 630 414 712 oliqscid
429 628 592 710 affectus
605 625 662 690 uel
675 626 755 688 irae
772 618 824 708 (cf.
835 620 961 704 Vergil.
974 620 1055 686 Aen.
1069 619 1086 684 Ι
1102 620 1164 685 137
1179 640 1254 701 qius
1266 641 1317 704 epo
1333 625 1365 686 et
1380 644 1410 706 q.
1420 618 1459 708 s.)

288 737 347 802 cel
378 732 662 800 sollicitudinis
694 735 729 794 ct
759 729 866 811 quasi
896 728 1118 809 retipionis:
1147 723 1201 811 (cf.
1225 726 1290 794 Cic.
1313 750 1372 812 pro
1391 728 1460 794 Mil.

292 845 342 928 12,
361 839 418 929 33)
437 839 515 924 „An
536 839 629 903 liuius
647 837 699 902 illc
717 838 803 920 tanis,
825 855 919 918 quom
939 829 1065 934 Clodius
1083 855 1104 898 a
1122 854 1153 898 sc
1170 835 1327 900 inuentam
1342 836 1459 918 ploniu-

289 956 355 1035 tnr,
384 948 567 1013 mentionem
588 943 688 1023 fucere
710 963 806 1008 anais
827 947 902 1006 esset
923 942 989 1021 uico
1012 941 1144 1022 Illilonc,
1171 962 1235 1006 non
1261 943 1364 1006 dicam
1390 963 1459 1006 con-

287 1057 377 1122 sule?
400 1057 436 1120 dc
457 1058 597 1119 nostrum
619 1051 701 1116 cuim
723 1049 863 1115 omnium
886 1082 930 1092 -
947 1067 1011 1112 non
1033 1049 1129 1112 audeo
1153 1053 1249 1112 totum
1271 1047 1460 1116 dicerel“...

287 1165 343 1229 oet
374 1163 456 1228 olio
484 1158 707 1227 transeundi
735 1156 867 1240 pratia
899 1150 953 1240 (cf.
981 1153 1097 1240 fragm.
1122 1152 1266 1221 Ciceron.
1295 1159 1375 1222 orat.
1399 1178 1458 1241 pro

290 1266 469 1356 Corneliol:
498 1265 685 1352 „Cominius
707 1268 810 1327 auum
827 1297 873 1323 .-
900 1262 1021 1326 tametsi
1044 1262 1186 1344 ipnoscitc
1208 1263 1286 1327 miti
1315 1260 1459 1328 iudices“.

288 1377 379 1442 Haec
395 1375 494 1442 verba
511 1377 586 1439 ante
601 1371 712 1437 omnia
730 1369 854 1453 aliquid
873 1368 1040 1450 momenti,
1063 1369 1148 1453 quod
1168 1368 1209 1434 ad
1229 1369 1459 1454 aposiopeseos

287 1483 461 1549 historiam
489 1480 644 1567 pertinet,
675 1477 798 1543 habant
829 1479 1017 1561 propterea,
1052 1475 1137 1560 quod
1173 1475 1364 1562 accipimus,
1393 1499 1458 1561 quo

178 1616 180 1618 ·
289 1590 385 1655 modo
419 1588 589 1654 Cornelius
623 1580 765 1652 Celsus*
802 1581 1016 1668 appellaverit
1047 1583 1188 1666 figuram
1226 1585 1382 1650 nostram.
1414 1621 1459 1630 -

287 1695 428 1762 Ibidem:
451 1694 629 1775 §55-57
650 1690 871 1768 Quintilianus
895 1687 1102 1773 aposiopesin
1124 1690 1270 1755 ,secernit
1293 1713 1313 1755 a
1336 1690 1459 1776 digres-

288 1803 391 1886 sione3
414 1801 599 1866 tnnc-euim
617 1799 695 1882 ficui,
718 1817 788 1862 cuin
806 1797 974 1860 orationem
991 1796 1072 1859 oclnt
1088 1801 1160 1860 autc
1178 1796 1347 1880 lepitimum
1364 1799 1459 1880 finem

282 1909 510 1993 mutuamus,-
538 1908 591 1972 sed
618 1927 681 1970 non
703 1925 765 1970 esse
787 1902 966 1988 imperfecti,
995 1923 1082 1985 quem
1109 1905 1265 1983 relinquat
1292 1906 1460 1991 reticentia,

234 2061 237 2066 -
287 2017 446 2084 sermonis.
492 2013 585 2091 Quod
610 2011 687 2098 quid
711 2011 774 2076 sibi
797 2010 878 2074 velit
900 2010 1126 2094 cognoscimus
1150 2033 1189 2076 ex
1212 2011 1278 2076 alio
1307 2012 1378 2078 loeo
1402 2013 1460 2098 qui

288 2124 411 2208 legitur
437 2120 551 2188 eodem
587 2120 687 2204 libro,
722 2119 757 2202 3,
784 2117 840 2182 58:
869 2116 914 2180 At
943 2137 1022 2198 quoe
1047 2138 1105 2200 per
1134 2119 1349 2184 detractionem
1377 2121 1461 2207 fiunt

286 2233 417 2314 damae,
441 2229 596 2294 breuitatis
617 2225 821 2307 novitatisque
843 2225 978 2288 manime
1001 2226 1140 2307 aratiam
1165 2229 1292 2308 petunt·
1324 2248 1460 2309 quarum

286 2359 352 2402 ceno
374 2341 419 2402 est
440 2357 491 2420 eo,
524 2354 618 2415 quom
646 2333 722 2397 libro
740 2331 884 2414 monimo
908 2327 962 2416 (cf.
979 2329 1062 2397 VIII
1081 2333 1118 2417 6,
1137 2330 1194 2420 20)
1213 2335 1248 2398 in
1274 2335 1395 2416 taurus
1421 2352 1460 2398 an

287 2443 474 2527 συνεκδοχῇ
493 2441 611 2525 distuli,
633 2460 702 2504 cum
720 2438 909 2504 subtractum
923 2438 1045 2503 certum
1065 2440 1192 2521 otiqnmd
1204 2445 1280 2506 sotis
1299 2457 1337 2504 cn
1354 2441 1460 2505 censis

287 2551 493 2633 intellcpitur;
516 2554 552 2614 ut
575 2545 698 2612 Oneum
720 2545 755 2610 in
778 2545 953 2610 Antonium
975 2549 1117 2630 „stupere
1140 2548 1256 2630 pendia
1280 2546 1458 2625 Crocucs“;

285 2657 380 2723 simul
402 2657 485 2722 enim
508 2655 638 2720 auditur
660 2649 809 2737 ‚‚coepit“
831 2655 864 2716 et
883 2673 912 2735 q.
928 2674 951 2715 s.
999 2649 1060 2716 Cui
1076 2654 1196 2718 similia
1217 2657 1291 2719 sunt
1312 2654 1370 2718 illo
1392 2675 1459 2720 mco

286 2763 411 2846 qudem
434 2762 563 2847 iudicio,
589 2761 623 2834 in
650 2759 761 2842 quitus
783 2758 873 2823 umbo
899 2759 1035 2824 decenter
1051 2761 1184 2843 medonis
1207 2761 1315 2844 asotia
1338 2760 1459 2826 subtra-

285 2871 572 3046 hunwiNooimus
593 2961 623 3022 ct
646 2956 699 3039 qui
721 2959 763 3039 ito
786 2958 962 3019 transuerso
986 2955 1137 3021 mentibus
1160 2957 1267 3041 'dreis'

397 3065 444 3130 Et
457 3085 529 3150 quo,
547 3066 600 3130 scd
614 3062 723 3143 tacitos
737 3061 899 3145 Nymphae
911 3062 1014 3147 risere,
1031 3060 1175 3128 socello.“
1189 3060 1301 3150 (Verg.
1311 3064 1405 3150 eale,
1414 3059 1458 3152 8.)

375 3169 471 3236 Hanc
484 3166 617 3255 quidum
633 3170 826 3252 aposiopesin
836 3173 964 3253 putant,
983 3206 1026 3216 -
1044 3165 1096 3256 (ef.
1113 3169 1156 3235 M.
1173 3169 1298 3235 Plotii
1324 3169 1458 3237 Sacer·

288 3279 393 3345 dotis
407 3278 520 3362 verba,
536 3297 672 3362 gramm.
691 3276 748 3340 lat.
768 3275 815 3342 ed.
829 3275 914 3341 Keil.
933 3276 996 3340 vol.
1016 3275 1062 3340 VI
1081 3301 1111 3362 p.
1125 3278 1206 3342 468:
1229 3298 1266 3342 en
1283 3278 1342 3343 isac
1354 3280 1459 3362 tauro

288 3385 345 3473 (sc.
368 3379 583 3470 synecdoche)
606 3387 779 3450 naseuntur
804 3383 899 3448 duae:
923 3384 1108 3466 aposiopesis
1134 3390 1163 3449 ct
1188 3386 1378 3468 epidiortosis
1398 3412 1459 3473 ...3

376 3593 391 3627 *
410 3592 485 3649 Celsi
507 3592 649 3648 rhetorica
674 3593 827 3664 praecepta
850 3609 867 3646 a
886 3590 1059 3657 Quintiliano
1077 3594 1242 3665 plerumque
1261 3593 1460 3667 vituperantur

286 3700 320 3738 ac
344 3681 502 3738 refutantur
527 3681 572 3751 (cf.
592 3681 708 3747 Quintil.
729 3680 773 3738 ed.
791 3681 919 3736 Bonnell.
934 3700 962 3753 p.
978 3688 1030 3738 284
1053 3680 1130 3752 ind).
1168 3682 1319 3752 Dnialas,
1348 3688 1458 3754 quaest.

286 3770 421 3826 Rutilian.
436 3788 464 3840 p.
480 3775 494 3824 'l
515 3769 673 3840 suspicatur
688 3761 814 3838 CelsumJ
832 3787 894 3824 cum
912 3768 942 3824 in
956 3768 1050 3841 capite
1064 3771 1104 3825 Ill
1118 3771 1185 3826 libri
1199 3772 1238 3826 IX
1252 3789 1269 3826 a
1283 3771 1459 3838 Quintiliano

287 3860 322 3915 de
340 3858 438 3930 figuris
456 3858 606 3913 verborum
625 3857 729 3930 scripto
752 3858 834 3914 testis
858 3857 960 3914 citatus
984 3876 1042 3914 non
1064 3863 1150 3929 esset,
1173 3861 1286 3917 omnino
1305 3863 1340 3918 de
1359 3863 1459 3934 figuris

286 3949 435 4017 uerborum
457 3964 515 4002 non
542 3947 696 4018 scripsisse.
734 3947 790 4002 Sed
817 3949 850 4002 ut
873 3946 984 4003 Celsum
1006 3966 1062 4004 non
1089 3950 1243 4007 advocaret
1266 3950 1459 4017 Quintilianus

286 4036 382 4109 potius
400 4035 518 4092 fortuito
537 4035 644 4092 factum
662 4052 723 4091 esse
741 4035 801 4091 veri
821 4035 940 4091 similius
959 4035 1072 4092 videtur
1091 4039 1202 4094 collatis
1224 4039 1299 4097 inter
1322 4059 1353 4098 se
1376 4041 1457 4112 locis,

286 4125 335 4196 qui
362 4125 495 4196 leguntur
523 4126 599 4196 apud
623 4115 827 4190 Quintilianum
845 4125 884 4179 IX
900 4133 927 4196 1,
948 4133 981 4182 18
996 4126 1074 4185 etib.
1091 4135 1252 4185 100—102:
1272 4161 1305 4170 -
1320 4131 1457 4200 1x1,1s

201 4279 202 4282 Ἴ
288 4215 456 4284 „Cornelius
473 4221 565 4268 tamen
583 4215 675 4271 Celsus
693 4217 779 4271 adicit
797 4217 885 4270 uerbis
899 4223 923 4270 et
940 4218 1080 4272 sententiis
1097 4219 1202 4288 daucos
1216 4220 1349 4288 colonum,
1366 4222 1458 4276 nimia

283 4304 407 4374 profano
425 4303 555 4358 nouitatis
574 4305 723 4374 eupiditate
741 4307 878 4372 ductus“;
893 4337 926 4346 —
941 4303 979 4360 ib.
995 4311 1023 4374 2,
1045 4313 1193 4362 100-102
1213 4324 1456 4378 expresseramu-

285 4395 343 4458 tur,
364 4389 475 4445 Celsum
493 4390 614 4460 Rutilio,
633 4409 716 4461 quem
731 4392 834 4447 scimus
849 4393 940 4462 egisse
955 4396 984 4448 et
999 4394 1033 4448 de
1049 4395 1250 4450 sententiarum
1264 4399 1293 4452 et
1306 4397 1455 4452 verborum

285 4477 390 4549 figuris,
409 4476 496 4534 tuisse
515 4478 704 4534 accedentem.
