3268 5280
713 409 971 530 ἐθέ-

278 624 348 689 cide
371 624 588 691 demonstrari
610 625 744 711 ellipsin
766 648 838 690 cam
859 626 889 690 ei
907 625 1012 689 visam
1034 645 1105 688 esse
1129 623 1259 709 vitium,
1283 645 1358 687 curn
1381 643 1458 685 ver-

277 732 355 796 bum
373 731 579 798 subtractum
601 733 734 817 aliquod
753 755 829 798 non
848 732 930 796 satis
950 754 988 796 ex
1002 731 1118 796 ceteris
1137 731 1396 816 intellegeretur.
1409 762 1460 774 -

277 837 438 902 Iudicium
461 839 583 922 pendet
606 861 644 904 ex
668 839 874 924 quaestione,
904 838 983 923 quid
1010 837 1074 903 sibi
1095 837 1201 903 velint
1222 837 1324 902 rerba
1345 836 1459 900 inter

278 944 388 1009 vitia
433 944 480 1010 Ut
506 951 622 1014 notum
649 951 701 1012 est
726 945 1002 1031 praepositionem
1030 946 1133 1010 inter
1163 967 1236 1009 cum
1263 942 1459 1008 nominibus

279 1051 486 1117 coniunctam
508 1075 606 1138 saepe
627 1052 860 1138 brachylogice
882 1076 921 1118 ex
944 1051 1031 1116 Livii
1058 1056 1166 1116 aetate
1194 1051 1265 1116 loco
1290 1045 1460 1116 enuntiati

279 1158 563 1224 coniunctionibus
582 1159 746 1225 subiuncti
764 1160 816 1224 vel
835 1159 972 1224 ablativi
995 1158 1137 1224 absoluti
1156 1159 1204 1222 ita
1231 1157 1394 1248 adhiberi,
1418 1157 1462 1218 ut

279 1270 386 1331 status
409 1266 463 1332 vel
484 1267 645 1352 condicio,
668 1289 734 1351 qua
751 1265 870 1350 aliquis
889 1266 941 1331 uel
960 1265 1083 1351 aliquid
1101 1269 1227 1350 utatur,
1250 1264 1462 1348 significetur

280 1368 333 1458 (cf.
347 1371 508 1460 Draeger‚
543 1373 621 1439 hist
645 1372 807 1458 Sym-15
827 1369 922 1458 273),
957 1373 1006 1437 ita
1036 1373 1186 1438 dubitare
1216 1373 1310 1457 licet,
1343 1375 1462 1434 utrum

279 1482 393 1544 nostro
415 1479 489 1544 loco
512 1480 613 1546 verba
641 1481 745 1545 inter
774 1479 878 1544 vitia
906 1479 1016 1564 posita
1045 1481 1112 1544 sint
1140 1503 1200 1565 pro
1230 1501 1314 1545 cum
1349 1478 1462 1542 inter

279 1585 382 1652 vitia
412 1586 466 1651 sit
495 1609 537 1651 an
566 1609 627 1672 pro
658 1607 740 1651 cum
772 1585 880 1650 inter
915 1585 1015 1650 vitia
1044 1587 1252 1652 habeatur.
1299 1583 1336 1649 Si
1372 1582 1463 1648 illud

280 1693 526 1779 amplectimur,
556 1714 777 1778 supponamus
809 1691 1047 1768 Quintilianum
1082 1693 1192 1778 ipsum
1224 1715 1297 1757 cam
1327 1689 1463 1756 dicendi
1556 1739 1563 1750 .

280 1800 493 1885 brevitatem,
515 1823 581 1884 qua
603 1799 728 1885 aliquid
757 1798 806 1864 ita
836 1798 1056 1885 subtrahitur,
1085 1804 1124 1864 ut
1154 1799 1236 1864 satia
1267 1822 1307 1865 ex
1338 1796 1463 1864 ceteris

280 1906 509 1993 intellegatur,
536 1906 655 1971 vitium
684 1905 840 1970 habuisse
870 1906 1031 1991 cogimur,
1067 1907 1096 1971 si
1126 1911 1237 1972 autem
1267 1907 1373 1971 altera
1403 1927 1462 1970 ex-

154 2073 159 2080 .
281 2012 415 2096 plicatio
445 2035 521 2077 vera
555 2015 621 2097 eat,
656 2013 776 2077 clucet'
795 2012 829 2076 in
861 2034 899 2076 eo
931 2013 1015 2078 verti
1052 2036 1201 2098 sensum,
1236 2019 1273 2078 ut
1307 2013 1349 2077 ab
1383 2011 1465 2076 aliis

281 2118 470 2183 bominibus
488 2118 706 2203 synecdoches
725 2119 784 2183 illa
801 2119 925 2204 species
944 2120 1029 2184 inter
1047 2120 1130 2185 vitia
1147 2120 1264 2185 habita
1276 2125 1311 2184 et
1329 2118 1465 2204 ellipsis

282 2229 400 2291 vocata
431 2225 484 2291 sit.
539 2225 772 2310 Quamobrem,
803 2248 876 2290 cum
908 2249 928 2290 a
960 2227 1117 2311 scriptore
1148 2230 1264 2292 nostro
1296 2224 1465 2290 terminus

282 2332 437 2416 ellipseos
459 2355 526 2398 non
547 2333 613 2397 nisi
636 2332 678 2398 ad
700 2332 885 2397 soloecismi
907 2332 991 2397 illud
1008 2333 1127 2398 vitium
1145 2331 1200 2418 (et
1213 2331 1239 2398 Ι.
1254 2332 1285 2416 5,
1298 2328 1359 2416 40)
1383 2352 1464 2394 con·

282 2439 389 2503 latum
412 2438 465 2525 sit,
488 2461 624 2524 cumque
646 2439 718 2524 ipse
741 2461 813 2503 eam
836 2439 963 2504 dicendi
984 2439 1138 2524 formam,
1165 2462 1231 2524 qua
1261 2437 1390 2522 aliquid
1415 2437 1467 2501 sic

284 2546 466 2630 omittitur,
488 2549 527 2609 ut
548 2549 659 2610 tamen
682 2545 776 2630 quasi
799 2545 940 2612 latenter
969 2545 1108 2630 dicatur,
1138 2546 1274 2610 minime
1303 2545 1466 2608 vitiosam

284 2673 357 2718 esse
380 2651 496 2716 doceat
525 2648 640 2738 (oth
662 2652 697 2736 3,
717 2651 775 2735 583
797 2650 980 2737 V1116‚21
1003 2651 1083 2716 mihi
1104 2651 1277 2736 figuram
1295 2651 1378 2716 hanc
1400 2669 1469 2716 case

213 2817 216 2820 .
284 2758 387 2841 magis
411 2759 532 2842 plocct;
564 2759 687 2842 figuras
717 2757 804 2822 enim
826 2781 891 2822 non
914 2759 1000 2823 inter
1021 2758 1105 2822 vitia
1130 2758 1260 2843 habuit,
1288 2757 1347 2822 sed
1375 2758 1469 2822 inter

284 2864 461 2950 praecipua
493 2864 650 2929 orationis
684 2867 888 2929 ornamenta:
916 2864 1065 2949 otIX13
1088 2865 1247 2948 2,1-3;
1270 2865 1307 2949 3,
1330 2866 1352 2928 2
1372 2862 1470 2949 seq.),

284 2993 351 3036 non
368 2971 505 3036 verbum
524 2992 622 3055 esse,
641 2970 699 3035 sed
716 2969 853 3034 haberi
872 2971 923 3035 vel
938 2971 1044 3035 simile
1062 2971 1141 3055 quid
1160 2971 1382 3056 supplendum
1402 2975 1468 3036 est.

285 3077 474 3143 Tenendum
497 3077 600 3162 igitur
622 3081 682 3162 est,
704 3099 771 3141 non
794 3099 814 3140 a
837 3077 1053 3161 Quintiliano,
1083 3077 1140 3140 sed
1163 3078 1204 3142 ab
1228 3076 1304 3141 aliis
1328 3077 1469 3162 ellipsin

285 3184 380 3248 illam
412 3183 454 3246 ad
486 3183 711 3266 synecdochen
742 3186 944 3267 spectantem
974 3183 1063 3248 vitiis
1096 3204 1167 3247 esse
1201 3182 1468 3250 adnumeratam.

285 3290 392 3355 Immo
419 3311 513 3372 vero,
539 3289 647 3373 inquit
677 3289 826 3374 Daialas,
853 3288 1055 3365 Quintiliano
1078 3288 1196 3353 vitium
1218 3289 1398 3355 videbatur
1427 3314 1471 3356 ea

287 3396 424 3481 ellipsis,
448 3417 513 3479 qua
535 3395 668 3479 aliquod
691 3396 827 3459 verbum
850 3395 1051 3460 subtractum
1074 3417 1148 3460 non
1171 3396 1253 3460 satis
1282 3417 1322 3460 ex
1346 3397 1470 3462 ceteris

286 3501 440 3586 intellegi
462 3503 586 3585 potest!
622 3501 730 3577 Quid?
753 3501 876 3566 dixitne
895 3500 1116 3577 Quintilianus
1138 3501 1206 3567 tale
1230 3502 1332 3586 quid?
1355 3526 1472 3569 nonne

287 3629 441 3693 expresse
459 3605 521 3692 (IX
536 3608 566 3692 3,
580 3607 623 3672 58
634 3604 716 3692 seq.)
734 3607 836 3671 hanc
853 3607 1025 3671 brevitatis
1043 3607 1192 3692 formam,
1210 3608 1244 3672 id
1259 3611 1349 3693 quod
1364 3631 1472 3695 supra

287 3717 355 3780 iam
386 3738 418 3799 p.
440 3715 481 3779 18
500 3735 525 3777 a.
545 3712 856 3799 demonstravimus,
897 3713 1104 3798 aposiopesin
1140 3715 1270 3781 vocavit
1306 3722 1342 3781 et
1379 3718 1473 3784 inter

287 3823 411 3906 figuras
438 3819 674 3884 sententiarum
701 3819 926 3884 enumeravit?
972 3817 1047 3884 Sine
1080 3820 1178 3885 dubio
1206 3823 1307 3886 verba
1341 3826 1473 3889 verbum

286 3929 372 3992 enim
394 3946 432 3991 ce
453 3925 553 3990 verbis
579 3927 729 4008 intellegi,
760 3927 842 4006 quod
868 3925 949 3989 inter
977 3924 1055 3989 vitia
1083 3927 1200 4008 ellipsis
1228 3935 1358 3993 vocatio
1389 3932 1472 3996 sim-

288 4033 468 4120 plicissime
490 4031 737 4115 rectissimeque
753 4029 888 4115 perinde
906 4031 1108 4115 explicantur
1131 4054 1169 4096 ac
1187 4033 1215 4096 si
1237 4033 1473 4109 Quintilianus

289 4139 436 4224 dixisset,
459 4139 618 4203 verbum
643 4160 686 4202 ex
710 4136 843 4200 verbis
873 4136 1125 4222 intellegere,
1157 4141 1259 4222 quod
1290 4142 1340 4205 ab
1373 4144 1473 4209 aliis

289 4246 397 4309 inter
418 4244 519 4310 vitia
541 4243 717 4308 habitum
742 4245 780 4306 et
798 4242 967 4306 termino
987 4243 1173 4328 ellipscos
1192 4251 1375 4312 vocatum
1396 4256 1474 4336 est,

289 4352 458 4436 figuram
488 4371 575 4415 esse
607 4348 706 4412 mihi
743 4347 867 4431 magis
903 4348 1043 4432 placet.
1094 4349 1191 4415 Patet
1224 4352 1331 4436 igitur
1366 4355 1474 4432 Quin·

289 4456 443 4521 tilianum
465 4478 532 4521 non
553 4459 623 4520 tam
646 4454 688 4517 iis
709 4473 909 4536 repugnasse
932 4455 1052 4518 nostris
1075 4456 1198 4535 verbis,
1229 4459 1286 4540 qui
1311 4461 1475 4546 ellipseos
