3222 5278
780 444 1019 510 -136-

313 609 457 686 turusque
479 601 619 691 (adepti)
642 611 672 670 et
687 606 867 688 provinciae
889 605 968 669 iuter
979 609 1086 687 putres
1115 604 1231 669 sortiti:
1258 603 1297 668 ef.
1319 600 1420 687 Nipp.
1445 636 1486 646 -

314 711 370 795 34,
392 709 460 794 ua:
491 732 560 795 erpo
586 733 645 794 per
676 713 844 795 conpositos
876 717 984 776 mutus
1017 716 1120 794 prutes
1151 713 1200 777 dis
1231 707 1363 797 (agens)
1395 713 1486 791 atque

315 819 413 900 uisum
437 819 562 883 recentis
583 839 672 884 cneus
692 819 852 899 fmtrmnm
869 819 1030 884 munaus.

386 923 489 990 ‘hoel
520 923 638 990 lueri:
679 925 757 1012 Agr.
781 927 834 1012 19,
858 926 990 992 8—11:
1022 927 1128 990 omum
1156 927 1246 1003 seire,
1284 945 1347 990 um
1380 923 1488 988 omum

312 1033 450 1114 exsequi
474 1033 585 1116 pumis
600 1033 891 1117 perminimum,
917 1033 1040 1116 mupuis
1061 1034 1249 1098 severitatem
1278 1031 1486 1106 commedere

313 1159 366 1204 uer
381 1161 484 1223 poema
506 1159 636 1224 semper,
662 1141 716 1206 sed
740 1141 862 1224 ammius
878 1141 1071 1223 paenitentia
1098 1143 1253 1205 muteutm
1276 1159 1347 1204 esse.
1384 1135 1488 1222 Kritz,

313 1245 422 1324 Peter,
450 1246 629 1332 Prammer‚
655 1245 824 1312 Andresen
851 1244 908 1310 alii
937 1247 1092 1332 supplent
1118 1247 1177 1311 nti
1209 1269 1246 1310 ex
1275 1248 1487 1311 contentus

313 1374 405 1418 esse.
451 1349 526 1418 Non
549 1356 650 1438 reete,
683 1352 812 1438 opinor3
842 1375 919 1418 nam
952 1353 1095 1418 affinitas
1127 1354 1212 1418 inter
1243 1353 1379 1418 verbum
1415 1373 1487 1436 sup·

312 1460 437 1544 pletum
461 1465 495 1525 et
518 1460 675 1525 omissum
693 1458 761 1524 fere
780 1459 954 1545 nullaest,
977 1482 1050 1525 eum
1073 1460 1155 1525 illud
1178 1460 1278 1524 nimis
1301 1459 1488 1545 generalem

312 1566 433 1631 habeat
454 1567 530 1632 vim.
577 1565 661 1632 Wex
685 1569 809 1631 reatum
833 1567 917 1632 vidit
939 1567 1175 1652 interpretatus
1203 1567 1287 1632 nieht
1314 1568 1428 1630 mmm·
1452 1567 1489 1630 ist

311 1694 344 1737 er
368 1670 462 1760 (eret)
486 1675 545 1738 mit
565 1675 619 1739 der
640 1672 758 1758 Strufe,
784 1674 917 1738 smuieru
938 1673 1077 1756 hiufiper
1099 1675 1159 1738 mit
1179 1676 1233 1740 der
1250 1673 1335 1738 Reue
1359 1669 1487 1760 (sehon)

311 1782 476 1860 eufriedeu.
499 1817 544 1827 -—
566 1779 788 1845 Adscribenda
812 1785 888 1845 sunt
910 1782 1019 1866 verba,
1042 1803 1125 1866 qnae
1148 1785 1261 1846 extant
1283 1781 1319 1844 in
1342 1779 1486 1844 eiusdem

312 1886 417 1952 libelli
449 1885 556 1971 eapite
584 1884 713 1951 XXVII
729 1888 746 1950 7
763 1909 843 1972 seq.:
879 1893 914 1952 nt
936 1885 1091 1952 Britanni
1122 1909 1185 1952 mou
1215 1889 1326 1952 meua
1358 1888 1415 1952 sed
1445 1907 1485 1950 m·

311 1995 433 2060 casuue
454 1998 483 2058 et
503 1995 570 2058 mie
597 1995 685 2059 diuis
713 1995 777 2058 rati
805 1993 886 2058 mihil
915 2015 953 2058 ece
974 1997 1157 2076 amopautie
1185 1996 1337 2060 remittere
1360 1998 1397 2058 et
1411 2015 1441 2079 q.
1454 2015 1481 2076 e,

312 2123 394 2186 qnae
419 2100 460 2166 ad
483 2100 686 2166 restituenda
708 2099 910 2165 Henriehsen
934 2101 1012 2164 olim
1037 2102 1187 2166 adhibuit
1210 2099 1474 2186 simplieissimam
1592 2135 1593 2144 .

312 2206 473 2273 medelam
496 2208 580 2271 duei
601 2227 652 2290 se,
682 2207 731 2272 ita
754 2209 791 2270 ut
820 2229 858 2272 ex
888 2229 966 2272 voee
990 2209 1126 2274 ducendi
1150 2209 1190 2274 ad
1220 2207 1409 2274 membrum
1431 2227 1473 2270 ne·

312 2314 461 2399 gativum
482 2334 546 2378 unu
567 2315 679 2378 uirtute
701 2312 845 2379 eiusdem
869 2313 997 2399 generis
1020 2315 1113 2380 notio
1133 2315 1315 2400 generalior
1335 2315 1478 2399 supplen·
1592 2315 1593 2362 Ἰ

312 2421 389 2484 dum
423 2421 480 2505 sit3
513 2442 576 2505 quo
609 2420 672 2486 etsi
704 2420 838 2484 invente
861 2418 1039 2505 Baehrens,
1068 2422 1159 2487 mise.
1178 2423 1248 2488 erit.
1263 2446 1294 2506 p.
1311 2422 1378 2486 150
1408 2419 1484 2485 nihil

312 2526 534 2612 praestantius
558 2549 592 2592 se
615 2526 745 2592 novisse
767 2526 902 2612 fatetur,
924 2530 1035 2592 tamen
1058 2527 1183 2594 Halmii
1212 2528 1402 2593 coniectura
1428 2547 1486 2591 um

311 2635 422 2698 virtute
444 2653 481 2698 se
502 2634 555 2698 seu
581 2634 735 2698 mensione
763 2639 791 2698 ei
815 2639 880 2698 arte
907 2635 994 2700 (lueis
1014 2637 1132 2701 rietes
1158 2636 1237 2719 ruti,
1265 2658 1331 2720 qua
1357 2639 1487 2701 secutus

313 2744 364 2804 est
395 2738 536 2822 vestigia
559 2737 716 2826 Brntmii,
744 2741 956 2826 praeferenda
978 2741 1106 2807 videtur
1134 2738 1189 2828 (ef.
1204 2743 1304 2808 etiam
1327 2740 1489 2819 Welfflm

312 2844 612 2930 Phi101.26p.148
644 2850 677 2910 et
708 2847 770 2912 lex.
785 2846 886 2914 Tacit
899 2872 931 2933 p.
948 2846 1034 2934 101).
1079 2847 1202 2932 Agitur
1239 2849 1326 2913 enim
1364 2849 1405 2914 de
1442 2848 1491 2931 iis,

313 2973 396 3036 quae
421 2950 571 3016 Britanni
596 2952 674 3017 vieti
697 2953 735 3018 de
765 2955 854 3020 clade
881 2977 941 3018 sua
964 2954 1096 3040 eiusque
1121 2956 1226 3021 nansi·
1251 2955 1490 3041 cogitaverunt.

312 3057 471 3122 Attamen
492 3057 731 3124 eoncedendum
753 3064 802 3124 est
824 3062 931 3145 ipsum
949 3083 1087 3147 zeugma
1104 3061 1188 3126 illud
1207 3061 1248 3126 ab
1262 3060 1491 3127 Henriahseno

313 3163 420 3227 Taciti
444 3163 552 3228 verbis
575 3164 706 3230 illatum
729 3166 811 3230 nihil
834 3167 954 3231 habere
977 3167 1175 3237 offensionis.

403 3270 442 3334 In
470 3269 541 3334 loeo
572 3271 717 3356 graviter
746 3278 913 3358 corrupto,
943 3273 1023 3358 Agr.
1038 3275 1096 3360 36,
1115 3275 1267 3360 18-21,
1295 3276 1492 3360 explicando

316 3373 447 3441 Urlichs
471 3373 585 3439 Rhein.
604 3375 742 3442 Mus.31
759 3401 790 3462 p.
804 3379 869 3444 524
887 3379 1031 3466 flagitat,
1061 3386 1099 3446 ut
1131 3383 1167 3448 in
1194 3383 1303 3448 verbis
1333 3405 1354 3447 a
1382 3405 1417 3448 se
1449 3382 1496 3447 sie

314 3481 494 3546 emendatis
518 3482 701 3564 minimeque
721 3486 870 3565 pedestris
897 3488 1070 3569 eipupuae
1094 3488 1190 3573 facies
1216 3494 1286 3554 erat
1310 3510 1383 3554 eum
1405 3511 1422 3554 e
1444 3487 1494 3573 (2)

310 3589 414 3671 prmiu
436 3592 493 3651 uui
514 3590 737 3654 summeium
754 3611 899 3672 equorum
916 3593 1090 3675 corporatus
1108 3597 1340 3679 impellerentur
1359 3619 1380 3661 a
1392 3597 1494 3662 verbo

315 3693 618 3778 impellerentur
646 3697 804 3760 mutueris
828 3698 994 3763 notionem
1023 3703 1201 3766 morendi
1230 3703 1422 3788 generalem
1453 3703 1494 3766 ad

314 3799 415 3865 verba
437 3819 453 3862 e
476 3800 585 3882 pedu.
610 3838 649 3847 -
674 3802 714 3866 In
745 3802 887 3868 eiusdem
915 3804 1018 3870 libelli
1048 3828 1117 3892 cap.
1137 3809 1190 3893 37,
1210 3809 1252 3874 15
1272 3832 1340 3895 seq.
1369 3810 1495 3896 legitur

316 3927 355 3968 ex
375 3904 520 3969 codicum
541 3908 736 3973 auctoritate
749 3915 914 3991 postquam
928 3912 1014 3977 silvia
1033 3917 1369 4002 apprepmqemeuee
1383 3917 1408 4002 †
1421 3919 1496 3981 item

307 4012 431 4094 primm
461 4013 648 4092 sequentium
679 4015 818 4080 incautos
853 4017 964 4082 eolleeii
999 4023 1027 4083 et
1063 4021 1198 4086 meorum
1231 4025 1330 4106 pueri
1363 4026 1494 4090 eircum-

314 4117 481 4182 veniebant.
519 4116 606 4197 Quod
626 4119 662 4182 ui
682 4119 823 4201 frequens
844 4123 953 4205 ubique
971 4126 1119 4208 Aprieolu
1139 4130 1263 4194 validus
1285 4135 1315 4194 et
1336 4133 1496 4214 expeditas

315 4222 447 4288 eohmiea
469 4223 629 4306 iudupimis
649 4226 751 4310 medo,
778 4233 807 4291 et
826 4230 923 4294 sieuhi
944 4233 1064 4296 armore
1087 4241 1187 4320 eraut,
1204 4243 1334 4319 purtem
1357 4241 1496 4321 equitum

316 4329 453 4394 diruissis
475 4331 569 4411 equis,
591 4331 687 4394 simui
708 4334 843 4398 rariores
864 4337 959 4401 silvas
981 4340 1108 4420 equitem
1125 4345 1349 4424 persuliaui
1373 4343 1434 4431 (sia
1449 4345 1496 4428 A3

318 4433 442 4498 eod.B:
468 4435 726 4519 perlustrari)
755 4439 891 4504 iussisset
920 4445 953 4506 et
967 4466 997 4527 q.
1011 4466 1052 4529 s.;
1084 4448 1278 4534 plerumque
1310 4450 1431 4516 codicis
1464 4451 1493 4516 A
