3242 5284
767 451 986 518 ,52-

293 618 421 685 breuiter
449 623 479 681 et
506 619 593 681 acute
621 619 650 680 et
677 613 777 680 hilare
806 615 885 680 dioto
914 611 1089 682 declamitant
1123 610 1228 677 maius
1262 614 1314 677 est
1347 609 1467 676 vitium

294 749 392 812 quam
414 723 569 807 tristitia,
595 722 708 806 itaque
732 722 761 787 si
784 722 941 807 Agricola
963 743 989 787 c.
1004 721 1048 784 22
1071 719 1248 785 acerbior
1275 719 1381 784 dictus
1405 722 1467 802 ost,

293 836 431 919 apparet
467 831 509 897 ab
542 851 580 894 eo
607 850 673 893 non
696 828 837 894 alienam
865 827 968 893 fuisse
1000 827 1179 893 tristitiam.
1226 825 1280 892 Sic
1306 825 1466 891 Eussner!

294 938 358 1006 Sed
375 939 507 1023 singula
524 935 621 1000 buius
636 934 852 1001 conclusionis
871 939 1066 1021 argumenta
1079 934 1199 999 caduca
1211 938 1296 1000 sunt.
1331 933 1466 998 Tacitus

295 1046 381 1112 enim
399 1046 470 1131 ipse
489 1065 638 1129 expresse
657 1043 866 1109 severitatem
880 1043 1020 1108 secrevit
1033 1065 1054 1107 a
1066 1041 1204 1108 1111111111
1218 1040 1337 1107 Histl
1353 1041 1404 1126 14,
1424 1041 1464 1104 11

163 1191 167 1198 -
294 1175 374 1239 seq.:
398 1151 541 1218 Piso-en
558 1151 772 1216 aestimatione
793 1155 874 1216 reem
896 1171 1023 1236 seuerus,
1046 1150 1176 1214 deterius
1198 1149 1467 1232 interpretantibus

293 1261 413 1326 tristior
440 1258 624 1336 moaamr,·
657 1263 749 1344 patet
775 1258 879 1344 igitur
901 1258 1065 1323 hominem
1096 1279 1244 1321 severum
1274 1258 1308 1320 et
1337 1256 1467 1342 saepius

294 1367 536 1432 misericordem
566 1366 699 1432 minime
729 1366 769 1430 ab
800 1365 914 1430 eodem
950 1364 1044 1450 quasi
1079 1363 1184 1430 iudice
1221 1363 1285 1428 dici
1319 1363 1467 1449 potuisse

294 1475 432 1540 tristem.
468 1473 604 1539 Accedit
627 1473 713 1559 quod
737 1473 808 1538 loco
832 1473 891 1538 1110
911 1472 952 1537 ab
971 1470 1137 1536 Eussnero
1158 1471 1278 1536 collato
1298 1468 1394 1558 (Agr.
1408 1468 1466 1556 22)

296 1581 451 1666 Agricola
486 1602 638 1666 expresse
675 1579 859 1646 defenditur
895 1579 936 1644 ab
973 1578 1162 1644 acerbitatis
1199 1578 1388 1664 opprobrio;
1419 1577 1467 1644 ibi

295 1689 382 1754 euim
416 1687 538 1773 legitur
564 1688 590 1752 .1.
607 1687 649 1752 15
681 1709 760 1773 seq.:
791 1687 877 1770 apud
907 1687 1059 1768 quosdam
1091 1683 1227 1758 acerbior
1258 1687 1293 1749 in
1324 1685 1467 1750 emnieiis

293 1796 505 1861 aemulatum:
534 1800 570 1859 ut
591 1801 659 1859 erat
686 1796 779 1860 comis
808 1795 895 1859 bonas
923 1794 970 1858 ita
992 1794 1138 1858 adomsus
1160 1793 1259 1857 malos
1280 1792 1469 1858 iniucundus

295 1900 425 1988 (sensus
457 1901 555 1966 buius
587 1902 652 1968 loci
683 1902 801 1967 clarior
831 1903 870 1966 fit
907 1904 1039 1985 accepta
1071 1899 1286 1986 Henricbseni
1318 1899 1469 1986 egregrie

295 2009 521 2075 emendatione
553 2014 585 2073 et
610 2013 679 2075 erat
700 2014 741 2073 ut
766 2008 860 2074 000111
883 2008 969 2076 bonis
995 2008 1043 2072 ita
1066 2011 1100 2072 ct
1123 2030 1152 2092 q.
1167 2005 1216 2094 s).
1261 2006 1467 2074 Dicendusne

272 2120 408 2181 ¹autem
429 2115 494 2181 fuit
517 2115 555 2201 is,
578 2115 634 2200 qui
656 2116 830 2182 iniucunda
851 2116 886 2181 in
910 2115 1025 2200 malos,
1047 2115 1187 2202 benigne
1210 2114 1244 2180 in
1267 2116 1468 2181 10101001-

296 2223 403 2288 sulere
426 2223 568 2309 solebat,
590 2223 689 2288 homo
713 2223 832 2308 tristis,
855 2223 884 2287 si
906 2222 941 2288 in
963 2223 1151 2288 universum
1174 2222 1213 2287 de
1238 2223 1306 2288 eius
1331 2223 1468 2288 admini-

296 2330 454 2396 stratione
485 2329 622 2395 iudicari
654 2329 789 2395 debuit?
842 2328 990 2395 Minime!
1022 2365 1064 2376 —
1094 2327 1267 2396 Praeterea
1297 2331 1468 2397 dicendum

297 2440 362 2523 est,
384 2436 412 2501 si
435 2438 567 2502 omnino
595 2437 704 2523 agitur
732 2437 771 2501 de
798 2436 1022 2503 additamento
1049 2441 1163 2502 nostro
1190 2437 1276 2524 1000,
1303 2444 1389 2504 certe
1419 2439 1467 2504 in·

296 2548 400 2610 sertas
429 2565 499 2610 esse
526 2567 546 2609 a
576 2544 710 2608 librario
738 2547 807 2609 tres
837 2544 912 2609 illas
942 2543 1107 2629 notiones,
1139 2547 1177 2608 ut
1205 2546 1305 2611 verba
1333 2547 1468 2612 nullam-

290 2671 457 2734 personam
476 2650 722 2736 explicarentur.
755 2649 860 2737 (Idem
879 2651 1035 2717 iodicium
1053 2652 1132 2716 tulit
1150 2651 1249 2717 etiam
1269 2653 1340 2739 Ign.
1358 2652 1468 2719 Pram-

297 2780 375 2842 mcr,
398 2756 551 2823 Zeitschr.
569 2758 591 2822 f.
610 2763 724 2823 batem.
742 2756 859 2843 Gymn.
882 2759 922 2824 31
940 2783 971 2844 p.
987 2755 1075 2845 183.)
1111 2757 1227 2844 Itaque
1251 2765 1309 2824 aut
1330 2761 1468 2846 recipias

297 2863 455 2930 Urlichsii
478 2864 702 2931 acutissimam
726 2864 986 2930 emendationem
1009 2862 1063 2952 (cf.
1081 2864 1260 2952 Andresen,
1283 2866 1468 2933 Jahresber.

300 2971 332 3036 in
345 2969 499 3036 Zeitcbr.
507 2970 530 3036 f.
543 2971 572 3036 d.
581 2971 716 3057 01111.-
726 2971 815 3038 Wes.
822 2973 865 3037 32
877 2973 992 3058 p.304,
1006 2971 1166 3057 Walfflin,
1181 2971 1274 3040 Burs.
1284 2974 1469 3040 labresber.

300 3077 385 3143 1815
399 3101 429 3162 p.
446 3076 535 3164 166),
558 3100 640 3162 quae
664 3079 910 3144 commendatur
932 3080 1003 3145 loco
1030 3079 1119 3144 haud
1143 3079 1295 3146 dissimili
1317 3081 1405 3148 Hist.
1418 3083 1468 3148 ΙΠ

297 3183 328 3269 9,
349 3185 390 3247 14
413 3206 492 3269 seq.:
514 3184 573 3250 aas
594 3189 638 3251 ad
658 3185 762 3270 copias
842 3187 928 3252 misit
944 3186 1091 3270 epistulas
1109 3185 1250 3273 Gemina,
1273 3191 1470 3255 temeritatem

296 3292 377 3356 uicta
394 3312 487 3356 arma
506 3294 705 3358 tractantium
723 3295 878 3360 inarmans.
901 3294 996 3359 simul
1013 3294 1112 3359 uirtus
1126 3292 1307 3361 Garumnim'
1323 3298 1471 3364 meratus

298 3397 445 3463 laudibus
467 3399 674 3486 attollebatur,
703 3399 820 3467 Vitellii
846 3403 967 3466 modico
988 3401 1161 3483 1101119001
1187 3404 1350 3490 mentione,
1380 3406 1471 3471 nulla

296 3506 332 3569 in
360 3504 583 3588 Vespasianum
604 3509 804 3574 contumelia:
831 3507 931 3573 nibil
946 3527 1121 3590 prorsus,
1147 3510 1230 3588 quod
1255 3516 1313 3574 aut
1332 3529 1470 3577 eorrum-

291 3617 379 3696 pcret
399 3610 513 3676 bostem
534 3617 591 3677 out
609 3619 739 3700 terreret,
752 3614 850 3680 —IV
864 3615 916 3701 50,
942 3613 983 3680 15
997 3636 1077 3699 seq.:
1099 3616 1153 3680 scol
1169 3615 1293 3682 1110111
1309 3619 1471 3684 satellitem

297 3715 437 3803 vocabat,
459 3719 629 3804 militesque
646 3727 676 3785 et
696 3723 885 3787 centuriones
904 3722 1055 3804 quosdam
1070 3722 1191 3806 puniit,
1218 3724 1297 3789 alios
1316 3710 1471 3809 praemiis

297 3825 425 3906 adfecit:
448 3831 621 3892 neutrum
648 3849 690 3893 en
713 3829 858 3913 merito,
884 3830 938 3894 sed
962 3833 999 3892 ut
1024 3830 1204 3910 oppressisse
1231 3831 1342 3896 bellum
1371 3833 1470 3899 erede-

298 3935 397 4016 retur,
426 3936 483 3997 aut
511 3934 619 4000 deleas
648 3957 717 4001 cum
743 3935 967 4022 Peerlcampio
989 3935 1089 4000 verba
1112 3937 1412 4005 tristitiam-memrot
1432 3946 1472 4006 ut

296 4037 523 4104 foedissimum
550 4041 723 4127 glossema.
767 4042 839 4120 Qua
862 4042 896 4107 in
923 4065 957 4107 re
984 4043 1182 4108 monendum
1209 4050 1260 4110 est
1294 4069 1374 4133 opus
1405 4069 1470 4113 non

299 4169 370 4212 esse
385 4150 567 4213 correctura
579 4148 639 4213 illa
656 4148 815 4236 Rhenani,
835 4150 988 4235 quoniam
1008 4150 1048 4214 ad
1067 4152 1287 4218 accusativum
1304 4155 1471 4219 nullam·

221 4311 225 4318 .
299 4275 504 4339 personam
527 4254 706 4320 iustissime
734 4256 879 4342 suppleri
905 4259 1016 4343 potest
1044 4257 1139 4343 egit3
1169 4263 1220 4324 est
1247 4261 1333 4326 euim
1356 4260 1471 4327 Tacito

299 4359 400 4425 dictio
414 4361 632 4427 usitatissima
645 4384 851 4448 personam
871 4363 1041 4449 aliquam
1060 4385 1187 4449 agere:
1210 4366 1248 4431 cf.
1263 4366 1328 4432 H.I
1343 4369 1399 4454 30,
1414 4368 1471 4434 21.

299 4467 384 4552 citio,
402 4467 514 4550 nudus
529 4470 603 4535 solis
617 4469 781 4554 ploriatur,
799 4475 925 4536 mertem
943 4472 1116 4557 imperium,
1134 4475 1229 4537 etiam
1246 4495 1316 4538 eum
1334 4476 1471 4540 amicum
