3242 5284
385 855 447 922 De
473 851 702 921 verborum
728 849 951 918 omissione
978 847 1047 918 vel
1075 847 1378 929 suppressione.

385 985 424 1053 In
457 987 643 1052 universum
676 985 951 1072 praemittendum
984 988 1033 1048 est
1064 1005 1125 1048 nos
1156 983 1249 1048 valde
1281 982 1468 1067 improbare

297 1095 383 1160 viam
406 1094 514 1180 illam,
538 1117 635 1180 quam
658 1093 849 1179 plerumque
871 1092 934 1158 viri
958 1090 1045 1156 docti
1076 1090 1181 1155 adhuc
1209 1089 1349 1177 ingressi
1382 1092 1469 1173 sunt,

297 1202 453 1267 materiae
475 1202 524 1266 ita
546 1200 797 1285 distribuendae,
820 1203 857 1265 ut
880 1203 937 1264 aut
956 1199 1113 1263 maiorem
1132 1198 1289 1263 haberent
1307 1197 1469 1261 rationem

297 1309 545 1394 significationis
574 1293 744 1373 verborum
772 1308 966 1372 omissorum
990 1343 1034 1352 -
1057 1305 1276 1370 distinxerunt
1299 1305 1385 1370 enim
1408 1303 1471 1367 hac

240 1450 248 1464 ·
296 1415 524 1481 feneratione:
548 1416 665 1480 desunt
684 1415 783 1479 verba
806 1413 942 1499 dicendi,
965 1412 1135 1498 sentiendi,
1159 1411 1286 1498 agendi,
1310 1411 1474 1497 movendi,

298 1522 377 1588 alis:
410 1522 448 1588 el.
463 1522 627 1607 Schmidt,
658 1521 805 1608 Draeger
830 1558 867 1566 -
894 1524 951 1585 aut
974 1520 1047 1606 plus
1072 1520 1254 1585 tribuerent
1278 1517 1471 1604 quaestioni,

297 1633 408 1694 utrum
435 1631 528 1695 fieret
560 1629 694 1694 omissio
726 1629 761 1694 in.
792 1627 968 1693 enuntiatis
1001 1627 1164 1712 primariis
1198 1651 1239 1692 an
1270 1625 1470 1692 secundariis

298 1734 536 1823 (etwetzell),
564 1759 662 1820 quam
693 1736 810 1820 quibus
835 1734 1075 1800 condicionibus
1105 1734 1280 1800 secundum
1309 1734 1469 1798 rationem

298 1842 545 1930 grammaticam
569 1843 764 1908 rhetoricam
788 1843 928 1929 logicam
952 1842 1083 1907 omnino
1103 1843 1180 1906 talis
1205 1841 1338 1906 omissio
1358 1844 1471 1926 posset

299 1950 438 2015 admitti.
466 1950 519 2014 Ad
541 1949 628 2015 idem
652 1950 738 2014 enim
752 1949 837 2015 redit
851 1950 1026 2014 secundum
1040 1949 1200 2014 rationem
1221 1949 1470 2035 grammaticam

299 2045 513 2144 logicamque,
537 2057 565 2122 si
589 2057 720 2123 omnino
745 2056 885 2121 elocutio
908 2055 956 2120 ita
984 2056 1186 2122 conformata
1217 2061 1282 2142 est,
1312 2061 1349 2120 ut
1378 2056 1470 2121 notio

300 2163 410 2249 aliqua
433 2165 542 2229 omitti
564 2165 684 2250 possit,
706 2169 816 2229 utrum
839 2163 974 2228 verbum
998 2162 1123 2227 dicendi
1147 2186 1188 2227 an
1212 2163 1338 2249 egendi,
1360 2168 1472 2228 utrum

299 2271 333 2336 in
356 2271 525 2337 enuntiato
548 2271 704 2357 primario
728 2293 770 2336 an
793 2270 981 2334 secundario
1005 2270 1185 2334 omittatur.
1221 2271 1336 2355 Itaque
1358 2293 1418 2335 nos
1437 2271 1472 2334 in

300 2401 337 2443 eo
356 2378 591 2464 laboravimus,
609 2383 647 2444 ut
666 2381 844 2443 erratione
859 2377 1072 2462 grammatica
1091 2381 1124 2441 et
1142 2376 1250 2462 logica
1270 2378 1472 2442 condiciones

301 2485 487 2550 omissionis
517 2485 624 2570 primo
654 2486 725 2551 loco
756 2484 1004 2569 collocaremus,
1035 2483 1174 2549 secundo
1205 2489 1238 2550 et
1266 2471 1365 2550 tertio
1400 2484 1471 2549 loco

301 2614 546 2677 quaereremus,
582 2597 692 2657 utrum
732 2591 866 2657 omissio
904 2591 1075 2656 verborum
1112 2591 1231 2675 agendi
1264 2591 1390 2656 dicendi
1423 2592 1473 2677 al,

300 2701 474 2784 utrumque
501 2699 536 2764 in
564 2699 741 2765 enuntiatis
771 2699 934 2783 primariis
965 2721 1007 2763 an
1037 2698 1234 2764 secundariis
1261 2698 1350 2763 facta
1378 2703 1472 2763 esset.

389 2839 459 2907 NB.
496 2841 599 2908 Locos
624 2842 771 2928 singulos
795 2842 1026 2926 adscripsimus
1050 2841 1225 2907 secundum
1248 2864 1400 2907 numeros
1424 2865 1472 2907 re-

301 2947 499 3033 cognitionis
523 2948 716 3015 Halmianae
738 2949 864 3015 tertiae.
