3204 5284
595 471 836 534 -129-

118 653 171 697 aa
197 637 237 696 ut
253 633 497 716 mapaitudiaem
515 632 748 716 irmaatouam
761 634 849 698 caede
866 633 1036 715 iaupaium
1053 634 1191 699 airorraa
1208 636 1300 718 paesi

117 741 209 822 reyio
230 740 369 820 faciaore
390 744 560 805 ostentaret.
573 777 607 786 -
622 737 786 804 Audacius
806 740 913 805 locum
932 740 1069 804 membri
1082 741 1172 807 illius
1191 743 1298 827 priore

117 847 199 911 loco
222 845 333 932 positi,
354 845 407 911 cui
430 845 585 910 adnexuit
608 846 812 912 enuntiatum
830 847 927 911 finale
945 847 1115 932 particulis
1138 871 1225 934 que,
1249 853 1299 939 et,

119 976 182 1038 ac,
206 953 302 1039 sive,
325 976 384 1039 an,
407 953 457 1028 al,
479 953 736 1018 tenentemfecit
756 957 822 1018 aut
845 954 1066 1019 ablativum
1090 957 1299 1040 causalem,

118 1066 161 1126 ut
180 1060 222 1126 H.
236 1061 253 1126 I
269 1063 297 1146 7,
310 1061 330 1125 6
344 1083 426 1147 seq.:
447 1061 534 1141 fuero
555 1062 609 1142 qui
626 1061 779 1126 aedaeat
793 1060 980 1126 ...Galbam
1007 1062 1220 1128 mobilitate
1242 1066 1298 1128 iu·
1391 1123 1393 1126 .

115 1169 227 1251 persii
249 1189 298 1233 aa
319 1189 362 1232 ue
383 1169 478 1233 attius
500 1172 702 1252 scrutaretur,
729 1189 847 1251 amasio
869 1171 957 1233 rado
980 1174 1062 1254 aeta,
1084 1171 1159 1252 auia
1182 1174 1300 1246 mutari

118 1297 189 1340 aaa
207 1280 362 1359 poaraat,
386 1275 609 1358 coarmatus&
633 1311 674 1320 —-·
698 1279 764 1339 aut
787 1275 1004 1340 dictionem
1032 1278 1299 1362 praepositio·

120 1382 254 1448 nalem
278 1382 494 1448 causaliter
516 1382 578 1446 vel
602 1380 783 1447 finaliter
804 1383 986 1468 positam,
1009 1387 1063 1447 ut:
1085 1382 1298 1470 H.1V50,15

121 1513 208 1576 seq.:
238 1491 407 1571 militesque
435 1495 463 1554 et
491 1490 680 1554 centuriones
708 1490 855 1570 quosdam
885 1490 1006 1571 puniit,
1037 1490 1116 1555 aiios
1146 1493 1299 1572 ademtis

122 1597 256 1678 adfecit:
278 1601 420 1661 neutram
443 1617 480 1662 ea
501 1598 643 1678 merito,
673 1597 735 1660 sed
762 1601 804 1660 ut
825 1597 1003 1679 obprasisse
1031 1597 1141 1662 belim
1170 1599 1298 1664 aedere-

126 1709 194 1780 tur,·
219 1741 259 1752 -
285 1703 464 1787 nullut,
480 1705 496 1767 1
514 1725 594 1788 seq.:
625 1705 699 1768 dura
726 1724 763 1768 ea
789 1708 889 1769 aestas
908 1702 1091 1795 Gamaaioo
1112 1706 1220 1788 piures
1242 1727 1299 1790 per

125 1811 300 1893 provincias
324 1811 521 1895 transigetur,
543 1810 628 1876 baud
651 1811 710 1874 ieoe
732 1811 820 1875 meas
837 1809 964 1875 Dareus
986 1813 1135 1893 euocauit
1156 1812 1299 1878 iatieieas

134 1915 299 1983 Gerauaos
328 1919 378 1982 ad
404 1918 618 1983 discordias
644 1922 754 2000 utque
778 1917 878 1998 fracto
906 1919 971 2004 iani
989 1919 1180 1984 Maroboduo
1206 1940 1300 2002 usque

129 2025 165 2088 ia
185 2025 312 2089 esitium
334 2025 526 2090 insisteretur
549 2023 582 2112 (i.
596 2047 622 2090 c.
637 2024 784 2090 inliciens
809 2025 996 2110 Germanos,
1020 2029 1057 2090 ut
1080 2025 1300 2093 discordarent

126 2135 227 2215 utque
250 2130 451 2196 Maroboduo
468 2182 492 2198 ..
506 2129 739 2217 insisteretur).
784 2129 830 2196 Ut
857 2131 920 2196 hoc
947 2132 1019 2197 loco
1047 2134 1298 2218 praepositionis

123 2237 172 2302 ad
203 2238 336 2322 propria
366 2237 561 2324 significatio
589 2238 717 2324 localis,
751 2259 815 2323 qua
844 2237 1050 2318 describitur,
1081 2262 1144 2324 quo
1175 2241 1299 2326 aliquid

122 2344 283 2430 flectitur,
311 2345 393 2410 abiit
420 2345 455 2410 in
481 2346 548 2410 vim
576 2345 706 2410 finalem
734 2346 781 2409 ita
812 2344 876 2408 alio
906 2345 978 2410 loco
1010 2367 1139 2411 sensum
1167 2348 1298 2414 finalem

122 2451 191 2516 sibi
228 2451 335 2516 induit
371 2452 470 2516 dictio
506 2451 747 2538 praepositione
794 2451 976 2516 adversus
1018 2454 1211 2540 composita,
1250 2455 1298 2519 ita

122 2558 268 2644 quidem,
290 2563 328 2624 ut
351 2559 380 2624 ci
404 2559 592 2624 coordinare
615 2559 728 2624 liceret
751 2559 955 2624 enuntiatum
979 2560 1089 2625 finale:
1112 2560 1153 2627 H„
1167 2561 1297 2647 1134,3

122 2688 206 2751 sequ
235 2667 328 2748 quieti
355 2669 521 2750 iateatr'rpue
541 2665 674 2732 Gaura
695 2687 732 2730 ao
751 2666 878 2749 Valeas,
907 2667 1029 2748 quaada
1057 2667 1151 2732 bostis
1178 2671 1297 2752 impru-

121 2774 229 2838 deatia
251 2779 360 2859 rueret,
383 2776 464 2856 quod
485 2774 547 2839 tooo
569 2774 740 2855 sapien-tiae
756 2779 809 2858 est,
830 2773 967 2838 alaram
984 2774 1148 2838 stultitiam
1166 2778 1296 2859 opperie-

121 2881 250 2965 bantur,
278 2881 418 2946 iucboato
438 2887 532 2964 porte
555 2881 723 2946 transitum
751 2881 932 2945 amitttates
954 2882 1132 2946 aduersus
1155 2882 1296 2963 obposi-

125 2994 200 3053 tara
219 2989 475 3071 aladiatorum
502 3009 648 3052 raoaura
676 3009 717 3052 ao
738 3008 781 3052 ae
803 2989 941 3070 ipsorum
970 2987 1057 3052 railes
1084 3007 1172 3070 sapae
1200 2990 1297 3053 otium

127 3099 231 3159 tereret
253 3092 288 3182 (i.
305 3117 331 3160 e.
345 3117 426 3179 pons
456 3095 514 3160 ille
543 3093 714 3159 inchoatus
745 3117 845 3179 eaque
873 3116 908 3158 re
937 3093 1095 3158 transitus
1123 3093 1296 3160 simulatus

126 3205 190 3286 est,
214 3206 248 3266 ct
271 3207 308 3267 ut
331 3202 484 3287 opposita
512 3223 628 3266 manus
660 3201 752 3286 quasi
783 3200 1017 3267 sollicitaretur
1044 3201 1147 3286 adque
1166 3201 1296 3286 impru-

124 3308 271 3374 dentiam
294 3309 502 3394 pelliceretur
526 3312 558 3373 et
588 3311 625 3372 ut
654 3308 802 3392 ipsorum
832 3307 926 3373 miles
958 3312 1033 3392 apte
1063 3306 1297 3396 occuparetur).

124 3414 284 3481 Similiter
306 3438 380 3481 cum
404 3416 561 3501 dictione,
584 3437 666 3500 quae
690 3415 802 3482 eadem
819 3415 1066 3501 ‘praepositione
1096 3415 1297 3481 conformata

123 3525 186 3608 est,
208 3522 339 3588 Tacitus
374 3523 579 3589 enuntiatum
609 3523 705 3588 finale
741 3523 954 3588 eommutavit
977 3522 1039 3588 An.
1054 3522 1088 3587 II
1104 3523 1161 3607 57,
1177 3523 1199 3587 4
1214 3545 1295 3608 seq.:

123 3627 219 3712 Oyrri
240 3631 362 3695 daaura
384 3633 469 3715 apud
489 3631 615 3696 brberm
644 3631 786 3696 aanor
817 3631 942 3714 leptoras
971 3651 1143 3714 oouoemre,
1171 3631 1296 3711 firmato

122 3738 220 3821 valta
242 3737 316 3802 Piso
338 3739 514 3803 adversus
537 3742 680 3819 metum,
704 3736 921 3821 Germanicus,
950 3759 993 3801 ue
1015 3738 1155 3800 raiaari
1177 3738 1295 3808 erede-

122 3850 229 3909 retar
261 3841 296 3931 (i.
311 3866 337 3909 e.
351 3846 462 3910 vultus
495 3846 715 3929 firmaverant,
746 3843 837 3929 Pis0,
873 3866 913 3908 na
946 3849 1069 3909 metum
1101 3843 1296 3930 ostenderet,

125 3951 353 4038 Germanicus,
387 3974 427 4017 ne
456 3952 573 4018 minari
605 3948 811 4036 crederetur).
857 3950 985 4015 Heraeo
1016 3949 1118 4036 igitur
1146 3972 1212 4014 non
1243 3951 1295 4015 ad-

124 4057 499 4144 sentiorinterpretanti
523 4057 671 4123 Tacitum
700 4058 826 4122 variata
849 4061 1013 4122 structura
1040 4056 1213 4142 participio
1244 4058 1294 4121 si·

123 4166 297 4230 mulante
317 4165 538 4231 senuntiatum
549 4164 645 4229 finale
658 4185 728 4229 ae..
739 4215 744 4226 .
754 4164 1028 4249 tereretparticula
1041 4186 1082 4228 ac
1097 4164 1296 4248 adiunxisse3

124 4295 200 4337 nam
223 4273 281 4337 ubi
303 4273 370 4338 tale
394 4272 469 4358 quid
493 4271 563 4336 fieri
577 4270 633 4336 ille
651 4270 766 4356 voluit,
789 4271 961 4356 participio
981 4271 1161 4355 praesentis
1181 4271 1296 4335 tribuit

123 4380 192 4444 vim
207 4380 371 4444 causalem
385 4377 475 4465 (etp.
485 4375 571 4463 130),
590 4378 638 4442 ita
651 4383 688 4442 ut
703 4378 836 4443 dissolvi
850 4381 962 4462 posset
976 4377 1145 4443 enuntiato
1160 4379 1296 4462 causali3

124 4509 238 4552 sensus
270 4490 378 4552 autem
407 4508 473 4551 non
502 4488 617 4568 staret,
654 4485 683 4550 si
716 4485 873 4569 scriptum
910 4490 997 4550 esset
1029 4485 1168 4550 inchoato
1193 4491 1297 4571 ponte,

178 4610 291 4660 Glemm,
305 4611 333 4649 de
348 4609 532 4658 breviloquentia
546 4609 647 4649 Tacttsa.
1067 4595 1082 4643 9
