3204 5284
579 479 818 542 -127-

107 635 162 700 vir
186 635 230 700 ile
254 636 377 702 doctus.
423 635 487 702 Sed
510 637 669 702 eiusmodi
693 640 874 724 zeugmatis
897 639 1035 706 formam
1058 641 1191 708 Tacitus
1219 666 1284 709 non

108 743 264 808 adhibuit
286 744 350 808 nisi
373 744 524 830 verbum,
547 745 633 830 quod
657 745 779 830 duplici
802 770 896 812 sensu
922 748 970 813 ita
991 749 1136 834 positum
1160 755 1223 835 est,
1250 751 1285 816 in

107 854 251 935 utroque
275 873 371 916 sensu
394 852 543 936 usurpari
566 853 689 938 potuit:
713 853 751 919 cf.
770 853 945 939 H.135,1
964 877 1044 941 seq.3
1070 893 1105 904 -
1129 857 1163 923 ΙΙ
1178 859 1230 943 87,
1245 859 1286 922 14

108 980 193 1042 seq.;
216 995 260 1004 -
284 957 509 1043 IV8,8seq.3
541 997 578 1006 -
605 961 816 1046 An.120,8;
850 996 885 1006 -
917 963 1043 1048 41,13;
1074 1001 1115 1012 -
1144 964 1284 1044 1129,ss

108 1086 192 1150 seq.3
215 1101 253 1110 -
279 1065 524 1151 1V26,4seq.,
547 1067 632 1132 al.-
650 1066 695 1132 Ut
719 1072 828 1133 autem
851 1091 916 1134 non
939 1070 1127 1154 negaverim
1151 1073 1284 1137 verbum

108 1173 335 1258 obsaepire,
371 1173 427 1238 ubi
460 1196 532 1239 eum
565 1175 750 1240 accusativo
783 1176 901 1240 obiecti
934 1177 1154 1264 coniungitur,
1185 1201 1285 1263 prope

110 1279 280 1345 interdum
310 1281 459 1346 accedere
492 1280 531 1345 ad
562 1281 628 1346 vim
659 1281 833 1347 verborum
863 1283 1111 1370 prohibendi,
1141 1285 1189 1350 ita
1218 1287 1284 1350 tale

109 1387 190 1472 quid
213 1387 336 1452 factum
360 1409 440 1472 esse,
463 1387 520 1452 ubi
538 1388 630 1452 deest
647 1388 739 1454 notio
763 1390 892 1476 obiecti,
914 1391 1010 1475 plane
1029 1414 1126 1477 nego,
1149 1392 1283 1457 verbum

109 1494 318 1580 obsaepire
350 1495 500 1560 absolute
533 1479 677 1578 positum
709 1518 775 1560 ncn
806 1497 979 1563 invenitur.
1032 1497 1151 1563 Heraei
1182 1499 1284 1585 igitur

109 1602 171 1666 illa
192 1601 463 1687 interpretatione
486 1601 568 1666 nihil
592 1603 706 1686 profici
729 1603 842 1668 elucet.
879 1602 942 1668 Sed
961 1605 1100 1670 fortasse
1120 1606 1283 1690 quispiam

112 1710 146 1773 in
164 1709 323 1773 auxilium
341 1709 506 1774 vocaverit
525 1709 661 1774 alteram
680 1710 772 1775 illam
791 1711 973 1795 zeugmatis
993 1713 1142 1796 speciem,
1161 1735 1226 1796 qua
1244 1735 1282 1777 ex

115 1817 208 1881 verbo
231 1816 342 1901 posito
366 1817 538 1901 suppletur
560 1816 667 1882 simile
691 1817 824 1882 verbum
849 1815 901 1904 (ci.
916 1818 949 1882 in
967 1819 1029 1884 hac
1047 1839 1174 1904 paragr.
1187 1820 1247 1884 sub
1263 1821 1283 1884 2

117 1927 149 1987 et
158 1921 198 2008 3).
217 1923 264 1988 At
277 1922 354 1987 huic
366 1922 513 1988 obstaret
522 1924 695 1989 verborum
705 1925 891 2010 collocatio,
905 1948 981 1990 nam
991 1927 1125 1991 verbum
1140 1927 1283 2011 positum

114 2029 231 2114 ubique
261 2030 296 2094 in
328 2051 366 2095 eo
398 2029 524 2114 periodi
556 2032 702 2097 membro
735 2036 839 2116 extat,
871 2034 913 2097 ad
943 2034 1029 2118 quod
1061 2034 1193 2119 propria
1225 2057 1285 2099 sua

18 2125 20 2130 '
110 2137 348 2224 significatione
372 2137 524 2222 quadrat,
547 2136 681 2204 Tacitus
704 2139 815 2223 igitur,
839 2140 867 2204 si
890 2145 1003 2206 nostro
1027 2141 1098 2206 loco
1122 2141 1213 2205 illam
1238 2142 1283 2205 di·

109 2246 204 2310 cendi
233 2245 394 2311 rationem
424 2244 578 2310 adhibere
607 2246 780 2330 voluisset,
813 2245 882 2311 sine
913 2246 1011 2311 dubio
1042 2246 1227 2330 scripsisset
1240 2281 1284 2313 a..

107 2353 256 2418 Ruebant
278 2353 437 2436 Iuliusque
460 2353 555 2433 Alpes
577 2353 810 2435 obscepserat
831 2374 869 2417 ac
891 2351 975 2440 (scil.
994 2350 1223 2440 impediverat)
1246 2376 1284 2419 ne

101 2462 249 2542 peciam
285 2461 343 2524 illu
377 2459 573 2524 Germanicis
611 2461 758 2525 watra
792 2460 872 2540 foret
904 2459 957 2546 (cf.
979 2461 1064 2526 infra
1082 2461 1142 2527 sub
1161 2461 1208 2547 3).
1239 2499 1281 2509 —

107 2566 257 2632 Heraeus
286 2566 451 2651 triplicem
481 2565 607 2632 dicendi
637 2567 795 2632 rationem
826 2568 914 2633 haud
945 2573 1094 2634 accurate
1123 2568 1283 2654 distinxit,

106 2696 181 2740 cum
203 2675 372 2740 scriberet:
403 2675 462 2739 Als
484 2673 671 2738 leocrdc’aiert
692 2676 750 2738 mit
770 2676 838 2740 dem
863 2675 967 2758 object
995 2678 1073 2741 iter
1101 2675 1196 2741 durch
1225 2678 1282 2742 dus

106 2781 335 2863 captitutr've
358 2802 399 2847 cc
420 2782 462 2846 ist
483 2782 537 2846 der
558 2783 695 2864 aeputiue
712 2783 878 2848 Flauianis
900 2803 939 2848 ru
961 2783 1088 2868 anan,
1111 2786 1177 2848 und
1197 2804 1282 2849 cwar

105 2909 150 2971 sc,
173 2889 247 2953 dass
264 2889 322 2952 mit
339 2891 423 2953 einer
441 2889 503 2953 Art
524 2909 583 2954 corr
600 2889 759 2972 Zeupmu
781 2911 824 2954 ue
841 2911 900 2954 corr
922 2891 1155 2973 obsaepserut
1173 2891 1281 2975 pleiele

106 2996 165 3058 wie
184 3015 244 3059 cca
262 2997 360 3060 ciuem
380 2996 510 3060 Verbum
528 2997 580 3061 des
599 2996 805 3062 Verbinderns
823 2996 976 3080 ublzdupc'p
992 2999 1041 3062 ist.
1084 2997 1148 3080 Vpl.
1159 2998 1282 3081 Drdper

106 3101 335 3187 Synr.§233,
354 3107 402 3169 15.
439 3103 523 3180 Quid
547 3103 586 3167 de
610 3107 780 3187 zeugmate
798 3104 857 3168 illc
875 3103 1083 3169 iudicandum
1108 3106 1161 3191 sit,
1184 3127 1281 3190 supra

105 3211 174 3274 iam
198 3210 350 3276 vidimus.
395 3209 459 3286 Qui
487 3210 547 3274 hoc
575 3209 725 3276 adhibuit
757 3211 798 3275 ad
826 3216 939 3276 nostra
961 3212 1060 3276 verba
1082 3213 1281 3299 explicanda,

109 3317 137 3380 is
160 3317 253 3382 nullo
276 3321 372 3402 pacto
397 3317 502 3383 dicere
525 3318 634 3403 potuit
655 3319 860 3383 enuntiatum
888 3319 968 3383 illud
992 3320 1089 3384 finale
1112 3321 1281 3406 particula,

110 3445 147 3488 uc
171 3425 426 3509 epexegetice
449 3426 558 3510 posita
581 3419 631 3507 (ε
654 3427 720 3489 aad
747 3430 844 3506 awcr)
875 3426 1100 3493 coordinatum
1130 3449 1200 3492 esse
1231 3450 1281 3493 ac·

109 3532 257 3596 cusativc
281 3532 400 3597 obiecti
423 3535 495 3597 iter:
525 3533 625 3598 immo
656 3536 685 3596 ei
715 3532 922 3598 subiunctum
953 3537 1016 3619 est,
1046 3534 1132 3618 quod
1162 3535 1281 3600 attinet

109 3641 150 3704 ad
173 3639 328 3725 logicam,
351 3662 425 3705 nam
450 3640 514 3705 iter
536 3641 617 3704 illud
641 3640 833 3725 obsaeptum
857 3663 940 3726 esse,
963 3663 1004 3705 ne
1026 3641 1174 3726 pervium
1197 3642 1281 3707 foret

110 3747 314 3812 Germanicis
345 3747 540 3812 exercitibus
571 3751 673 3832 patet.
728 3745 794 3811 Cur
826 3748 963 3832 denique
995 3769 1054 3812 nos
1086 3749 1281 3834 relegaverit

110 3854 257 3919 Heraeus
281 3853 320 3918 ad
340 3853 497 3940 Draeger,
522 3852 647 3938 Synt.§
663 3855 740 3939 233,
764 3855 817 3939 15,
841 3855 897 3919 ubi
920 3855 1084 3920 levissime
1104 3855 1282 3940 attingitur

109 3966 293 4027 structurae
320 3961 379 4026 illa
410 3960 616 4046 vicissitudo,
649 3983 713 4046 qua
745 3961 904 4026 adiectiro
936 3962 987 4025 vel
1020 3962 1193 4046 participio
1226 3963 1279 4027 ad-

108 4069 251 4134 nectitur
280 4068 485 4134 enuntiatum
515 4069 626 4153 finale,
658 4069 754 4152 plane
783 4090 849 4132 non
879 4068 986 4153 vide03
1017 4091 1174 4154 quaenam
1206 4069 1279 4134 inde

108 4176 291 4240 redundant
315 4176 355 4240 ad
378 4176 469 4240 illam
493 4175 670 4240 accusativi
698 4175 818 4240 obiecti
848 4180 881 4239 et
908 4176 1068 4240 enuntiati
1096 4176 1204 4240 finalis
1233 4177 1278 4240 vi·

108 4282 334 4349 cissitudinem
366 4283 581 4367 probandam,
617 4304 715 4366 quam
748 4282 960 4366 deprehendit
988 4282 1136 4348 Heraeus
1168 4287 1280 4348 nostro

108 4390 205 4456 loco?
231 4427 270 4438 -
296 4389 428 4455 Tacitus
460 4393 498 4453 ut
530 4411 568 4453 ea
601 4411 682 4473 quae
715 4389 748 4453 in
782 4390 950 4455 enuntiato
984 4391 1093 4476 aliquo
1126 4392 1280 4477 narravit,

109 4497 292 4563 accuratius
316 4496 601 4581 circumscriberet,
623 4497 736 4562 finalia
755 4497 924 4562 enuntiata
947 4497 976 4562 ei
1000 4497 1173 4563 subiuncta
1190 4499 1280 4564 varie
