3222 5278
752 482 995 546 -114-

285 646 346 729 dey
370 645 411 709 ad
435 643 583 726 singulos
606 643 695 707 looos
719 641 903 727 adnotavit,
930 663 1077 726 quaeque
1105 640 1144 705 de
1171 643 1343 726 zeugmate
1371 641 1458 725 quod

285 753 405 817 dieitur
438 750 646 836 peculiariter
675 748 710 814 Ο.
737 748 773 815 L.
801 749 902 835 Roth,
937 749 1017 833 Agr.
1036 773 1067 834 p.
1086 748 1152 811 272
1170 769 1237 833 seq.
1256 748 1344 812 haud
1376 748 1457 812 satis

285 865 380 924 oaote
403 863 615 942 accurateque
637 857 830 942 oomposuit
880 855 970 932 Quae
994 856 1083 920 dedit
1106 855 1252 940 Draeger
1285 859 1460 940 praeoepta

284 968 319 1032 in
341 966 447 1031 libelli
475 964 564 1030 illius
588 964 723 1048 ww,
746 965 826 1048 230,
849 964 930 1048 239,
951 965 973 1027 4
995 963 1092 1049 plane
1121 984 1188 1027 non
1216 963 1392 1028 sufficiunt.
1415 999 1455 1008 -

285 1075 324 1138 In
356 1073 543 1138 universum
575 1070 714 1155 denique
744 1071 807 1136 hoo
837 1070 1112 1157 praemittendum
1148 1070 1291 1155 videtur,
1321 1089 1460 1154 zeugma

286 1182 371 1267 quod
401 1180 520 1244 dieitur
548 1200 612 1243 non
640 1178 824 1243 adhibitum
856 1199 927 1242 esse
958 1178 1023 1241 nisi
1054 1177 1089 1240 in
1120 1176 1217 1240 unius
1249 1176 1459 1260 eiusdemque

286 1287 411 1373 periodi
435 1285 588 1351 membris
612 1284 776 1350 artissime
799 1285 886 1350 inter
910 1307 944 1350 se
968 1284 1161 1369 coniunctis,
1190 1306 1328 1368 quorum
1357 1306 1459 1348 unum

286 1393 381 1457 alteri
403 1414 469 1457 nou
492 1393 726 1478 subiunctum,
749 1394 806 1458 sed
830 1396 888 1457 aot
910 1392 1080 1479 particulis
1101 1391 1304 1456 correlativis
1323 1394 1383 1455 aut
1407 1413 1458 1455 oo·

285 1499 442 1584 pulativis
465 1505 523 1563 aut
545 1500 760 1565 adversativis
783 1503 840 1564 aut
863 1499 1068 1564 disiunctivis
1091 1498 1288 1562 adiunctum
1317 1503 1378 1563 est.
1415 1497 1460 1564 Ut

285 1606 433 1691 exemplo
447 1607 510 1671 hoo
522 1605 669 1691 probem,
682 1606 711 1670 si
727 1607 860 1672 verbum
874 1605 1036 1671 enuntiati
1044 1606 1192 1690 primarii
1205 1606 1238 1669 in
1249 1606 1459 1670 subiunctum

284 1715 315 1778 ei
337 1714 543 1778 enuntiatum
566 1713 740 1778 relativum
763 1714 908 1798 suppleri
936 1714 1048 1779 debet:
1075 1711 1326 1778 ef.An.v12i:
1355 1718 1385 1776 et
1406 1714 1461 1794 poi

284 1822 389 1885 eadem
409 1821 536 1902 familia
564 1822 715 1902 corruptis
744 1821 892 1905 mortham,
920 1822 1047 1885 inlustri
1076 1826 1177 1884 tamen
1205 1821 1336 1901 fortuna
1367 1842 1459 1904 epere,

285 1950 380 1992 nemo
410 1933 462 1992 est
490 1928 547 2012 qui
576 1927 700 2012 cogitet
729 1927 769 1992 de
799 1933 984 2013 zeugmate,
1013 1928 1113 1992 etiam
1137 1928 1165 1991 si
1195 1928 1228 1990 iu
1252 1929 1460 1993 enuntiatum

286 2035 459 2099 relativum
478 2035 612 2099 verbum
631 2035 760 2098 finitum
781 2036 860 2098 alia
873 2034 1111 2120 significatione
1125 2034 1342 2119 suppleretur.
1364 2035 1459 2100 Prae

286 2146 377 2206 terea
398 2163 534 2227 zeugma
555 2164 620 2206 non
643 2146 747 2226 extat,
777 2141 833 2205 ubi
860 2143 1030 2206 enuntiata
1055 2142 1213 2226 primaria
1240 2142 1345 2206 artius
1375 2143 1456 2207 inter

286 2270 319 2312 se
342 2248 513 2313 coniuncta
535 2270 600 2313 non
624 2247 713 2312 su’nt:
737 2249 1217 2333 An.15i‚17:ferebanooer
1237 2249 1337 2331 speleo
1354 2271 1398 2319 ..ς
1417 2251 1449 2313 si·

285 2356 352 2419 mod
373 2358 438 2437 ipse
459 2355 591 2438 Seyestes
614 2353 718 2442 (venit
737 2355 773 2419 of.
788 2380 819 2440 p.
836 2353 924 2441 105).

837 2623 911 2702 §a

288 2765 444 2832 Verbum
474 2765 635 2846 finitum,
671 2762 765 2844 quod
793 2762 915 2830 eadem
946 2763 1210 2844 significatione
1237 2765 1283 2830 ael
1313 2767 1459 2848 singula

287 2872 466 2938 enuntiati
481 2872 673 2954 compositi
686 2870 847 2953 pertinet
861 2873 1033 2954 membra,
1055 2871 1166 2939 semol
1179 2872 1324 2938 tautum
1346 2891 1458 2955 eoque

287 2976 392 3043 morlo
406 2996 427 3042 a
443 2977 568 3044 'facito
583 2977 742 3061 positum
761 2979 830 3060 est,
848 2980 891 3042 ut
909 2979 973 3042 aut
990 2977 1030 3042 iu
1044 2978 1153 3043 initio
1172 2980 1282 3062 primi
1302 2983 1457 3046 membri

288 3088 352 3150 out
375 3087 413 3150 iu
436 3085 505 3151 flue
528 3086 680 3151 membri
699 3084 824 3150 ultimi
844 3086 965 3150 autin
983 3086 1053 3151 fine
1078 3086 1189 3168 primi
1208 3087 1330 3152 autin
1349 3090 1457 3155 initio

416 3194 525 3258 unius
549 3193 752 3258 ceterorum
777 3193 1020 3258 membrorum
1044 3192 1163 3258 locum
1188 3193 1328 3261 lrabeat.

376 3317 467 3382 Haeo
489 3318 615 3383 dioendi
638 3317 761 3383 formae
785 3319 916 3382 nomine
942 3318 1078 3403 figura
1099 3313 1175 3384 ἀπὸ
1199 3323 1343 3386 κοινοῦ
1370 3344 1456 3388 eom·

288 3424 530 3510 prehenduntur
543 3422 598 3510 (of.
612 3425 798 3509 Koldewey,
812 3424 967 3490 Zeitsohr.
980 3424 1002 3489 f.
1009 3424 1227 3509 Gymn.·Wes.
1237 3429 1321 3492 1877
1330 3453 1360 3514 p.
1368 3430 1457 3514 337).

380 3532 407 3595 1.
429 3531 605 3597 Positum
630 3537 691 3597 est
713 3532 870 3597 verbum
893 3532 932 3597 in
955 3533 1072 3597 initio
1095 3533 1212 3618 primi
1234 3536 1404 3601 membri.

376 3639 604 3704 Usitatissima
626 3644 677 3704 est
699 3639 779 3704 haee
802 3638 929 3704 dicendi
952 3639 1070 3704 forma:
1089 3640 1129 3705 of.
1143 3641 1219 3706 dial.
1234 3642 1287 3727 31,
1302 3643 1382 3706 35-
1400 3645 1456 3708 37:

287 3748 443 3823 institeret
469 3745 574 3812 Germ.
591 3747 622 3830 2,
637 3746 769 3810 9-11:
792 3747 956 3822 eelebrent·
967 3785 1007 3792 -
1018 3746 1099 3832 Agr.
1113 3748 1166 3833 33,
1183 3749 1237 3812 16:
1259 3750 1400 3826 debitam
1414 3785 1454 3794 —

288 3853 393 3937 45,1:
422 3874 485 3918 ooo
507 3853 599 3928 vellit
627 3889 658 3896 -
693 3852 811 3939 iiii,
828 3855 882 3918 19:
904 3856 1055 3936 eorrepti;
1088 3891 1110 3898 -
1143 3856 1248 3940 26,1:
1271 3856 1392 3936 infecit
1415 3897 1450 3903 —

289 3959 415 4044 83,10:
431 3961 662 4042 postrrtotorus;
678 3995 717 4003 —
738 3960 795 4044 88,
813 3962 846 4044 13
858 3996 902 4006 -
916 3960 1012 4045 1199,
1024 3961 1055 4045 9,
1073 3983 1138 4045 aeq.
1171 3962 1260 4027 Haeo
1284 3963 1454 4028 sufficiant.

287 4064 485 4130 Insolentius
507 4066 642 4131 verbum
666 4088 835 4131 commune
857 4067 906 4131 ita
927 4067 1122 4132 collocatum
1145 4073 1196 4134 est

378 4170 409 4258 a)
424 4177 559 4258 propter
568 4173 788 4238 membrorum
806 4175 1064 4240 coniunctionem
1084 4176 1320 4260 asyndetieam:
1335 4178 1451 4262 Hire,

293 4279 398 4343 1-3:
431 4281 561 4362 priores
587 4282 711 4346 interim
733 4281 1160 4367 Getta..fotipobot..de03,
1188 4305 1257 4347 eum
1285 4286 1451 4365 adfertur

288 4406 407 4449 remor
435 4389 507 4470 rapi
532 4389 567 4452 in
591 4392 693 4452 eastra
718 4389 867 4454 incertum
892 4413 979 4472 puero
1003 4394 1186 4474 sereniorem,
1218 4410 1291 4455 mose
1310 4391 1449 4456 Othonem

165 4515 169 4524 ’
289 4512 351 4556 esse
378 4493 630 4578 poi.roperetrr,·
663 4531 692 4538 -
721 4495 931 4582 An.178,4:
955 4498 1168 4580 ..deprecante
1190 4500 1305 4581 populo
1338 4499 1449 4564 edixit
