<?xml version="1.0" encoding="UTF-8"?>
<!DOCTYPE html PUBLIC "-//W3C//DTD XHTML 1.0 Transitional//EN"
    "http://www.w3.org/TR/xhtml1/DTD/xhtml1-transitional.dtd">
<html xmlns="http://www.w3.org/1999/xhtml" xml:lang="en" lang="en">
 <head>
  <title>
</title>
<meta http-equiv="Content-Type" content="text/html;charset=utf-8" />
  <meta name='ocr-system' content='tesseract 3.04.00' />
  <meta name='ocr-capabilities' content='ocr_page ocr_carea ocr_par ocr_line ocrx_word'/>
</head>
<body>
  <div class='ocr_page' id='page_1' title='image "./debreviloquenti00clemgoog_0135.png"; bbox 0 0 3204 5284; ppageno 0'>
   <div class='ocr_carea' id='block_1_1' title="bbox 738 437 979 503">
    <p class='ocr_par' dir='ltr' id='par_1_1' title="bbox 738 437 979 503">
     <span class='ocr_line' id='line_1_1' title="bbox 738 437 979 503; baseline -0.008 0"><span class='ocrx_word' id='word_1_1' title='bbox 738 437 979 503; x_wconf 80' lang='lat'>-124—</span> 
     </span>
    </p>
   </div>
   <div class='ocr_carea' id='block_1_2' title="bbox 821 652 894 732">
    <p class='ocr_par' dir='ltr' id='par_1_2' title="bbox 821 652 894 732">
     <span class='ocr_line' id='line_1_2' title="bbox 821 652 894 732; baseline 0.041 -17"><span class='ocrx_word' id='word_1_2' title='bbox 821 652 894 732; x_wconf 62' lang='lat' dir='ltr'><strong>§Z</strong></span> 
     </span>
    </p>
   </div>
   <div class='ocr_carea' id='block_1_3' title="bbox 360 792 1358 1410">
    <p class='ocr_par' dir='ltr' id='par_1_3' title="bbox 361 792 1355 880">
     <span class='ocr_line' id='line_1_3' title="bbox 361 792 1355 880; baseline 0.005 -21"><span class='ocrx_word' id='word_1_3' title='bbox 361 793 517 862; x_wconf 78' lang='lat' dir='ltr'><strong>Verbum</strong></span> <span class='ocrx_word' id='word_1_4' title='bbox 536 793 680 860; x_wconf 83' lang='lat' dir='ltr'><strong>finitum</strong></span> <span class='ocrx_word' id='word_1_5' title='bbox 698 794 738 859; x_wconf 88' lang='lat' dir='ltr'><strong>in</strong></span> <span class='ocrx_word' id='word_1_6' title='bbox 756 792 903 878; x_wconf 77' lang='lat' dir='ltr'><strong>periodo</strong></span> <span class='ocrx_word' id='word_1_7' title='bbox 918 809 965 860; x_wconf 79' lang='lat' dir='ltr'><strong>ex</strong></span> <span class='ocrx_word' id='word_1_8' title='bbox 983 796 1230 880; x_wconf 75' lang='lat' dir='ltr'><strong>compluribus</strong></span> <span class='ocrx_word' id='word_1_9' title='bbox 1249 816 1355 865; x_wconf 91' lang='lat' dir='ltr'><strong>mem-</strong></span> 
     </span>
    </p>

    <p class='ocr_par' dir='ltr' id='par_1_4' title="bbox 361 899 1355 990">
     <span class='ocr_line' id='line_1_4' title="bbox 361 899 1355 990; baseline 0.005 -22"><span class='ocrx_word' id='word_1_10' title='bbox 361 902 439 969; x_wconf 87' lang='lat' dir='ltr'><strong>bris</strong></span> <span class='ocrx_word' id='word_1_11' title='bbox 463 902 663 986; x_wconf 87' lang='lat' dir='ltr'><strong>composita</strong></span> <span class='ocrx_word' id='word_1_12' title='bbox 684 901 738 966; x_wconf 86' lang='lat' dir='ltr'><strong>ita</strong></span> <span class='ocrx_word' id='word_1_13' title='bbox 761 900 817 967; x_wconf 90' lang='lat' dir='ltr'><strong>est</strong></span> <span class='ocrx_word' id='word_1_14' title='bbox 839 899 1060 986; x_wconf 85' lang='lat' dir='ltr'><strong>adhibitum,</strong></span> <span class='ocrx_word' id='word_1_15' title='bbox 1083 903 1126 970; x_wconf 90' lang='lat' dir='ltr'><strong>ut</strong></span> <span class='ocrx_word' id='word_1_16' title='bbox 1149 905 1213 971; x_wconf 83' lang='lat' dir='ltr'><strong>aut</strong></span> <span class='ocrx_word' id='word_1_17' title='bbox 1235 908 1355 990; x_wconf 83' lang='lat' dir='ltr'><strong>ipsum</strong></span> 
     </span>
    </p>

    <p class='ocr_par' dir='ltr' id='par_1_5' title="bbox 361 1008 1356 1096">
     <span class='ocr_line' id='line_1_5' title="bbox 361 1008 1356 1096; baseline 0.005 -23"><span class='ocrx_word' id='word_1_18' title='bbox 361 1008 435 1074; x_wconf 83' lang='lat' dir='ltr'><strong>alie</strong></span> <span class='ocrx_word' id='word_1_19' title='bbox 457 1008 721 1090; x_wconf 79' lang='lat' dir='ltr'><strong>significatione</strong></span> <span class='ocrx_word' id='word_1_20' title='bbox 744 1026 852 1089; x_wconf 82' lang='lat' dir='ltr'><strong>quam</strong></span> <span class='ocrx_word' id='word_1_21' title='bbox 880 1026 950 1088; x_wconf 85' lang='lat' dir='ltr'><strong>qua</strong></span> <span class='ocrx_word' id='word_1_22' title='bbox 975 1008 1019 1075; x_wconf 84' lang='lat' dir='ltr'><strong>ad</strong></span> <span class='ocrx_word' id='word_1_23' title='bbox 1043 1012 1232 1096; x_wconf 80' lang='lat' dir='ltr'><strong>proprIum</strong></span> <span class='ocrx_word' id='word_1_24' title='bbox 1250 1029 1356 1080; x_wconf 88' lang='lat' dir='ltr'><strong>suum</strong></span> 
     </span>
    </p>

    <p class='ocr_par' dir='ltr' id='par_1_6' title="bbox 362 1113 1357 1205">
     <span class='ocr_line' id='line_1_6' title="bbox 362 1113 1357 1205; baseline 0.004 -24"><span class='ocrx_word' id='word_1_25' title='bbox 362 1117 561 1182; x_wconf 83' lang='lat' dir='ltr'><strong>membrum</strong></span> <span class='ocrx_word' id='word_1_26' title='bbox 603 1115 763 1200; x_wconf 86' lang='lat' dir='ltr'><strong>pertiuet</strong></span> <span class='ocrx_word' id='word_1_27' title='bbox 805 1113 849 1180; x_wconf 87' lang='lat' dir='ltr'><strong>ad</strong></span> <span class='ocrx_word' id='word_1_28' title='bbox 886 1115 1006 1182; x_wconf 87' lang='lat' dir='ltr'><strong>cetera</strong></span> <span class='ocrx_word' id='word_1_29' title='bbox 1046 1118 1248 1205; x_wconf 84' lang='lat' dir='ltr'><strong>referatur,</strong></span> <span class='ocrx_word' id='word_1_30' title='bbox 1292 1120 1357 1185; x_wconf 84' lang='lat' dir='ltr'><strong>out</strong></span> 
     </span>
    </p>

    <p class='ocr_par' dir='ltr' id='par_1_7' title="bbox 360 1221 1358 1410">
     <span class='ocr_line' id='line_1_7' title="bbox 360 1221 1358 1307; baseline 0.005 -20"><span class='ocrx_word' id='word_1_31' title='bbox 360 1222 464 1306; x_wconf 85' lang='lat' dir='ltr'><strong>plane</strong></span> <span class='ocrx_word' id='word_1_32' title='bbox 479 1239 623 1307; x_wconf 83' lang='lat' dir='ltr'><strong>norum,</strong></span> <span class='ocrx_word' id='word_1_33' title='bbox 643 1221 705 1289; x_wconf 87' lang='lat' dir='ltr'><strong>sed</strong></span> <span class='ocrx_word' id='word_1_34' title='bbox 723 1221 912 1302; x_wconf 83' lang='lat' dir='ltr'><strong>cognatum</strong></span> <span class='ocrx_word' id='word_1_35' title='bbox 931 1222 1195 1304; x_wconf 79' lang='lat' dir='ltr'><strong>significatione</strong></span> <span class='ocrx_word' id='word_1_36' title='bbox 1210 1229 1358 1294; x_wconf 78' lang='lat' dir='ltr'><strong>verbum</strong></span> 
     </span>
     <span class='ocr_line' id='line_1_8' title="bbox 467 1328 1243 1410; baseline 0.004 -13"><span class='ocrx_word' id='word_1_37' title='bbox 467 1347 514 1397; x_wconf 89' lang='lat' dir='ltr'><strong>ex</strong></span> <span class='ocrx_word' id='word_1_38' title='bbox 536 1346 577 1397; x_wconf 89' lang='lat' dir='ltr'><strong>eo</strong></span> <span class='ocrx_word' id='word_1_39' title='bbox 595 1328 833 1410; x_wconf 77' lang='lat' dir='ltr'>intellegatur</span> <span class='ocrx_word' id='word_1_40' title='bbox 852 1329 891 1394; x_wconf 78' lang='lat' dir='ltr'><strong>tn</strong></span> <span class='ocrx_word' id='word_1_41' title='bbox 910 1329 1041 1397; x_wconf 88' lang='lat' dir='ltr'><strong>ceteris</strong></span> <span class='ocrx_word' id='word_1_42' title='bbox 1060 1333 1243 1400; x_wconf 83' lang='lat' dir='ltr'><strong>membris.</strong></span> 
     </span>
    </p>
   </div>
   <div class='ocr_carea' id='block_1_4' title="bbox 229 1445 1451 4332">
    <p class='ocr_par' dir='ltr' id='par_1_8' title="bbox 273 1445 1449 1650">
     <span class='ocr_line' id='line_1_9' title="bbox 361 1445 1449 1544; baseline 0.005 -23"><span class='ocrx_word' id='word_1_43' title='bbox 361 1455 499 1521; x_wconf 83' lang='lat' dir='ltr'><strong>Formae</strong></span> <span class='ocrx_word' id='word_1_44' title='bbox 521 1454 618 1521; x_wconf 87' lang='lat' dir='ltr'><strong>huius</strong></span> <span class='ocrx_word' id='word_1_45' title='bbox 642 1455 768 1522; x_wconf 90' lang='lat' dir='ltr'><strong>dicendi</strong></span> <span class='ocrx_word' id='word_1_46' title='bbox 792 1445 921 1540; x_wconf 77' lang='lat' dir='ltr'><strong>&#39;generis</strong></span> <span class='ocrx_word' id='word_1_47' title='bbox 944 1458 1173 1544; x_wconf 80' lang='lat' dir='ltr'><strong>comprehendi</strong></span> <span class='ocrx_word' id='word_1_48' title='bbox 1191 1460 1299 1526; x_wconf 90' lang='lat' dir='ltr'><strong>solent</strong></span> <span class='ocrx_word' id='word_1_49' title='bbox 1316 1461 1449 1526; x_wconf 89' lang='lat' dir='ltr'><strong>nomine</strong></span> 
     </span>
     <span class='ocr_line' id='line_1_10' title="bbox 273 1563 495 1650; baseline 0.009 -23"><span class='ocrx_word' id='word_1_50' title='bbox 273 1563 495 1650; x_wconf 82' lang='lat' dir='ltr'><strong>zeugmatis.</strong></span> 
     </span>
    </p>

    <p class='ocr_par' dir='ltr' id='par_1_9' title="bbox 272 1671 1450 2399">
     <span class='ocr_line' id='line_1_11' title="bbox 362 1671 1449 1760; baseline 0.004 -24"><span class='ocrx_word' id='word_1_51' title='bbox 362 1671 425 1737; x_wconf 82' lang='lat' dir='ltr'><strong>Est</strong></span> <span class='ocrx_word' id='word_1_52' title='bbox 446 1692 524 1736; x_wconf 84' lang='lat' dir='ltr'><strong>vcro</strong></span> <span class='ocrx_word' id='word_1_53' title='bbox 547 1672 608 1736; x_wconf 90' lang='lat' dir='ltr'><strong>hoc</strong></span> <span class='ocrx_word' id='word_1_54' title='bbox 630 1671 907 1756; x_wconf 85' lang='lat' dir='ltr'><strong>breviloquentiac</strong></span> <span class='ocrx_word' id='word_1_55' title='bbox 931 1692 1042 1759; x_wconf 83' lang='lat' dir='ltr'><strong>genus,</strong></span> <span class='ocrx_word' id='word_1_56' title='bbox 1065 1673 1153 1758; x_wconf 90' lang='lat' dir='ltr'><strong>quod</strong></span> <span class='ocrx_word' id='word_1_57' title='bbox 1170 1675 1225 1739; x_wconf 78' lang='lat' dir='ltr'><strong>vir</strong></span> <span class='ocrx_word' id='word_1_58' title='bbox 1245 1675 1329 1740; x_wconf 83' lang='lat' dir='ltr'><strong>elius</strong></span> <span class='ocrx_word' id='word_1_59' title='bbox 1348 1675 1449 1760; x_wconf 91' lang='lat' dir='ltr'><strong>scrip-</strong></span> 
     </span>
     <span class='ocr_line' id='line_1_12' title="bbox 272 1777 1450 1871; baseline 0.003 -28"><span class='ocrx_word' id='word_1_60' title='bbox 272 1783 326 1871; x_wconf 85' lang='lat' dir='ltr'><strong>tor</strong></span> <span class='ocrx_word' id='word_1_61' title='bbox 335 1778 501 1844; x_wconf 87' lang='lat' dir='ltr'><strong>Romanus</strong></span> <span class='ocrx_word' id='word_1_62' title='bbox 516 1777 638 1843; x_wconf 81' lang='lat' dir='ltr'><strong>maiore</strong></span> <span class='ocrx_word' id='word_1_63' title='bbox 653 1777 803 1843; x_wconf 75' lang='lat' dir='ltr'><strong>adhibuit</strong></span> <span class='ocrx_word' id='word_1_64' title='bbox 817 1778 952 1844; x_wconf 84' lang='lat' dir='ltr'><strong>audacia</strong></span> <span class='ocrx_word' id='word_1_65' title='bbox 966 1802 1063 1864; x_wconf 84' lang='lat' dir='ltr'><strong>quam</strong></span> <span class='ocrx_word' id='word_1_66' title='bbox 1077 1780 1219 1846; x_wconf 79' lang='lat' dir='ltr'><strong>Tacitus.</strong></span> <span class='ocrx_word' id='word_1_67' title='bbox 1239 1779 1322 1846; x_wconf 82' lang='lat' dir='ltr'><strong>Cum</strong></span> <span class='ocrx_word' id='word_1_68' title='bbox 1337 1786 1450 1848; x_wconf 87' lang='lat' dir='ltr'><strong>eutem</strong></span> 
     </span>
     <span class='ocr_line' id='line_1_13' title="bbox 275 1885 1449 1974; baseline 0.003 -24"><span class='ocrx_word' id='word_1_69' title='bbox 275 1886 417 1952; x_wconf 86' lang='lat' dir='ltr'><strong>maxima</strong></span> <span class='ocrx_word' id='word_1_70' title='bbox 431 1908 470 1951; x_wconf 83' lang='lat' dir='ltr'><strong>ex</strong></span> <span class='ocrx_word' id='word_1_71' title='bbox 484 1889 578 1970; x_wconf 86' lang='lat' dir='ltr'><strong>parte</strong></span> <span class='ocrx_word' id='word_1_72' title='bbox 593 1885 626 1948; x_wconf 93' lang='lat' dir='ltr'><strong>id</strong></span> <span class='ocrx_word' id='word_1_73' title='bbox 641 1885 766 1950; x_wconf 84' lang='lat' dir='ltr'><strong>nitatur</strong></span> <span class='ocrx_word' id='word_1_74' title='bbox 781 1885 941 1952; x_wconf 86' lang='lat' dir='ltr'><strong>affinitate</strong></span> <span class='ocrx_word' id='word_1_75' title='bbox 956 1887 1096 1971; x_wconf 87' lang='lat' dir='ltr'><strong>quedem</strong></span> <span class='ocrx_word' id='word_1_76' title='bbox 1111 1887 1371 1974; x_wconf 72' lang='lat' dir='ltr'><strong>significationiS,</strong></span> <span class='ocrx_word' id='word_1_77' title='bbox 1384 1912 1449 1974; x_wconf 82' lang='lat' dir='ltr'><strong>qua</strong></span> 
     </span>
     <span class='ocr_line' id='line_1_14' title="bbox 273 1992 1450 2082; baseline 0.003 -25"><span class='ocrx_word' id='word_1_78' title='bbox 273 1993 410 2058; x_wconf 86' lang='lat' dir='ltr'><strong>verbum</strong></span> <span class='ocrx_word' id='word_1_79' title='bbox 428 1993 573 2079; x_wconf 92' lang='lat' dir='ltr'><strong>positum</strong></span> <span class='ocrx_word' id='word_1_80' title='bbox 591 2014 664 2058; x_wconf 88' lang='lat' dir='ltr'><strong>cum</strong></span> <span class='ocrx_word' id='word_1_81' title='bbox 682 1992 781 2058; x_wconf 83' lang='lat' dir='ltr'><strong>verbo</strong></span> <span class='ocrx_word' id='word_1_82' title='bbox 801 1993 980 2079; x_wconf 88' lang='lat' dir='ltr'><strong>supplendo</strong></span> <span class='ocrx_word' id='word_1_83' title='bbox 1000 1995 1209 2060; x_wconf 89' lang='lat' dir='ltr'><strong>coniunctum</strong></span> <span class='ocrx_word' id='word_1_84' title='bbox 1228 1999 1287 2081; x_wconf 84' lang='lat' dir='ltr'><strong>est,</strong></span> <span class='ocrx_word' id='word_1_85' title='bbox 1311 1999 1450 2082; x_wconf 85' lang='lat' dir='ltr'><strong>apparet</strong></span> 
     </span>
     <span class='ocr_line' id='line_1_15' title="bbox 274 2098 1449 2187; baseline 0.003 -22"><span class='ocrx_word' id='word_1_86' title='bbox 274 2105 379 2166; x_wconf 86' lang='lat' dir='ltr'><strong>totam</strong></span> <span class='ocrx_word' id='word_1_87' title='bbox 403 2122 471 2165; x_wconf 85' lang='lat' dir='ltr'><strong>rem</strong></span> <span class='ocrx_word' id='word_1_88' title='bbox 494 2098 699 2164; x_wconf 85' lang='lat' dir='ltr'><strong>iudicandam</strong></span> <span class='ocrx_word' id='word_1_89' title='bbox 723 2122 794 2164; x_wconf 85' lang='lat' dir='ltr'><strong>esse</strong></span> <span class='ocrx_word' id='word_1_90' title='bbox 817 2122 856 2165; x_wconf 84' lang='lat' dir='ltr'><strong>ex</strong></span> <span class='ocrx_word' id='word_1_91' title='bbox 879 2101 1017 2187; x_wconf 84' lang='lat' dir='ltr'><strong>ratione,</strong></span> <span class='ocrx_word' id='word_1_92' title='bbox 1046 2124 1129 2187; x_wconf 81' lang='lat' dir='ltr'><strong>quae</strong></span> <span class='ocrx_word' id='word_1_93' title='bbox 1156 2102 1334 2169; x_wconf 70' lang='lat' dir='ltr'><strong>intercedit</strong></span> <span class='ocrx_word' id='word_1_94' title='bbox 1361 2103 1449 2169; x_wconf 82' lang='lat' dir='ltr'><strong>inter</strong></span> 
     </span>
     <span class='ocr_line' id='line_1_16' title="bbox 274 2206 1445 2296; baseline 0.003 -24"><span class='ocrx_word' id='word_1_95' title='bbox 274 2207 546 2293; x_wconf 82' lang='lat' dir='ltr'><strong>significationem</strong></span> <span class='ocrx_word' id='word_1_96' title='bbox 574 2206 665 2271; x_wconf 87' lang='lat' dir='ltr'><strong>verbi</strong></span> <span class='ocrx_word' id='word_1_97' title='bbox 695 2207 795 2291; x_wconf 89' lang='lat' dir='ltr'><strong>positi</strong></span> <span class='ocrx_word' id='word_1_98' title='bbox 825 2212 859 2273; x_wconf 87' lang='lat' dir='ltr'><strong>et</strong></span> <span class='ocrx_word' id='word_1_99' title='bbox 888 2208 978 2273; x_wconf 83' lang='lat' dir='ltr'><strong>verbi</strong></span> <span class='ocrx_word' id='word_1_100' title='bbox 1007 2210 1189 2296; x_wconf 87' lang='lat' dir='ltr'><strong>supplendi.</strong></span> <span class='ocrx_word' id='word_1_101' title='bbox 1214 2246 1254 2256; x_wconf 90' lang='lat'><em>-</em></span> <span class='ocrx_word' id='word_1_102' title='bbox 1279 2207 1360 2275; x_wconf 85' lang='lat' dir='ltr'><strong>Tres</strong></span> <span class='ocrx_word' id='word_1_103' title='bbox 1389 2211 1445 2275; x_wconf 89' lang='lat' dir='ltr'><strong>has</strong></span> 
     </span>
     <span class='ocr_line' id='line_1_17' title="bbox 274 2313 896 2399; baseline 0.003 -20"><span class='ocrx_word' id='word_1_104' title='bbox 274 2315 395 2380; x_wconf 85' lang='lat' dir='ltr'><strong>formas</strong></span> <span class='ocrx_word' id='word_1_105' title='bbox 418 2315 600 2380; x_wconf 84' lang='lat' dir='ltr'><strong>invenimus</strong></span> <span class='ocrx_word' id='word_1_106' title='bbox 624 2313 710 2399; x_wconf 87' lang='lat' dir='ltr'><strong>apud</strong></span> <span class='ocrx_word' id='word_1_107' title='bbox 733 2313 896 2380; x_wconf 87' lang='lat' dir='ltr'><strong>Tacitum:</strong></span> 
     </span>
    </p>

    <p class='ocr_par' dir='ltr' id='par_1_10' title="bbox 275 2422 1448 2616">
     <span class='ocr_line' id='line_1_18' title="bbox 365 2422 1448 2507; baseline 0.003 -21"><span class='ocrx_word' id='word_1_108' title='bbox 365 2423 394 2487; x_wconf 89' lang='lat'><strong>1.</strong></span> <span class='ocrx_word' id='word_1_109' title='bbox 417 2422 520 2488; x_wconf 90' lang='lat' dir='ltr'><strong>Idem</strong></span> <span class='ocrx_word' id='word_1_110' title='bbox 544 2422 701 2487; x_wconf 83' lang='lat' dir='ltr'><strong>verbum</strong></span> <span class='ocrx_word' id='word_1_111' title='bbox 726 2422 804 2487; x_wconf 89' lang='lat' dir='ltr'><strong>alia</strong></span> <span class='ocrx_word' id='word_1_112' title='bbox 828 2422 1136 2507; x_wconf 77' lang='lat' dir='ltr'><strong>significatione</strong></span> <span class='ocrx_word' id='word_1_113' title='bbox 1160 2424 1206 2488; x_wconf 86' lang='lat' dir='ltr'><strong>ad</strong></span> <span class='ocrx_word' id='word_1_114' title='bbox 1227 2446 1344 2491; x_wconf 89' lang='lat' dir='ltr'><strong>unum</strong></span> <span class='ocrx_word' id='word_1_115' title='bbox 1369 2425 1448 2490; x_wconf 81' lang='lat' dir='ltr'><strong>elia</strong></span> 
     </span>
     <span class='ocr_line' id='line_1_19' title="bbox 275 2530 1174 2616; baseline 0.001 -21"><span class='ocrx_word' id='word_1_116' title='bbox 275 2531 320 2595; x_wconf 85' lang='lat' dir='ltr'><strong>ad</strong></span> <span class='ocrx_word' id='word_1_117' title='bbox 344 2530 509 2596; x_wconf 87' lang='lat' dir='ltr'><strong>alterum</strong></span> <span class='ocrx_word' id='word_1_118' title='bbox 533 2530 732 2594; x_wconf 86' lang='lat' dir='ltr'><strong>enuntiati</strong></span> <span class='ocrx_word' id='word_1_119' title='bbox 756 2530 963 2595; x_wconf 89' lang='lat' dir='ltr'><strong>membrum</strong></span> <span class='ocrx_word' id='word_1_120' title='bbox 985 2530 1174 2616; x_wconf 86' lang='lat' dir='ltr'><strong>pertinet:</strong></span> 
     </span>
    </p>

    <p class='ocr_par' dir='ltr' id='par_1_11' title="bbox 274 2634 1448 3261">
     <span class='ocr_line' id='line_1_20' title="bbox 365 2634 1448 2724; baseline 0.004 -24"><span class='ocrx_word' id='word_1_121' title='bbox 365 2635 406 2702; x_wconf 92' lang='lat' dir='ltr'><strong>H.</strong></span> <span class='ocrx_word' id='word_1_122' title='bbox 423 2637 483 2722; x_wconf 83' lang='lat'><strong>14,</strong></span> <span class='ocrx_word' id='word_1_123' title='bbox 499 2637 607 2701; x_wconf 77' lang='lat'>7-9:</span> <span class='ocrx_word' id='word_1_124' title='bbox 631 2634 720 2723; x_wconf 88' lang='lat' dir='ltr'><strong>(finis</strong></span> <span class='ocrx_word' id='word_1_125' title='bbox 743 2634 898 2724; x_wconf 81' lang='lat' dir='ltr'><strong>Neronis)</strong></span> <span class='ocrx_word' id='word_1_126' title='bbox 921 2639 1148 2704; x_wconf 67' lang='lat' dir='ltr'><strong>cardamomo</strong></span> <span class='ocrx_word' id='word_1_127' title='bbox 1177 2640 1356 2704; x_wconf 78' lang='lat' dir='ltr'><strong>culmorum</strong></span> <span class='ocrx_word' id='word_1_128' title='bbox 1384 2659 1448 2704; x_wconf 77' lang='lat' dir='ltr'><strong>cen</strong></span> 
     </span>
     <span class='ocr_line' id='line_1_21' title="bbox 275 2745 1447 2829; baseline 0 -19"><span class='ocrx_word' id='word_1_129' title='bbox 275 2746 363 2810; x_wconf 85' lang='lat' dir='ltr'><strong>medo</strong></span> <span class='ocrx_word' id='word_1_130' title='bbox 386 2746 421 2808; x_wconf 82' lang='lat' dir='ltr'><strong>iu</strong></span> <span class='ocrx_word' id='word_1_131' title='bbox 443 2745 517 2809; x_wconf 81' lang='lat' dir='ltr'><strong>orbe</strong></span> <span class='ocrx_word' id='word_1_132' title='bbox 538 2747 624 2828; x_wconf 78' lang='lat' dir='ltr'><strong>apud</strong></span> <span class='ocrx_word' id='word_1_133' title='bbox 647 2749 755 2828; x_wconf 77' lang='lat' dir='ltr'><strong>patres</strong></span> <span class='ocrx_word' id='word_1_134' title='bbox 783 2750 840 2810; x_wconf 84' lang='lat' dir='ltr'><strong>out</strong></span> <span class='ocrx_word' id='word_1_135' title='bbox 861 2745 1013 2829; x_wconf 70' lang='lat' dir='ltr'><strong>popmlum</strong></span> <span class='ocrx_word' id='word_1_136' title='bbox 1042 2749 1098 2810; x_wconf 82' lang='lat' dir='ltr'><strong>out</strong></span> <span class='ocrx_word' id='word_1_137' title='bbox 1125 2746 1281 2810; x_wconf 77' lang='lat' dir='ltr'><strong>erbonem</strong></span> <span class='ocrx_word' id='word_1_138' title='bbox 1310 2745 1447 2824; x_wconf 81' lang='lat' dir='ltr'><strong>militem,</strong></span> 
     </span>
     <span class='ocr_line' id='line_1_22' title="bbox 274 2848 1448 2938; baseline -0.002 -20"><span class='ocrx_word' id='word_1_139' title='bbox 274 2853 328 2918; x_wconf 81' lang='lat' dir='ltr'><strong>sed</strong></span> <span class='ocrx_word' id='word_1_140' title='bbox 349 2873 451 2917; x_wconf 78' lang='lat' dir='ltr'><strong>omnes</strong></span> <span class='ocrx_word' id='word_1_141' title='bbox 479 2853 607 2935; x_wconf 79' lang='lat' dir='ltr'><strong>lepieoes</strong></span> <span class='ocrx_word' id='word_1_142' title='bbox 634 2853 779 2934; x_wconf 66' lang='lat' dir='ltr'><strong>decoque</strong></span> <span class='ocrx_word' id='word_1_143' title='bbox 804 2853 1014 2918; x_wconf 76' lang='lat' dir='ltr'><strong>conciverat</strong></span> <span class='ocrx_word' id='word_1_144' title='bbox 1041 2848 1074 2938; x_wconf 91' lang='lat' dir='ltr'><strong>(i.</strong></span> <span class='ocrx_word' id='word_1_145' title='bbox 1090 2852 1377 2938; x_wconf 83' lang='lat' dir='ltr'><strong>eaccenderat3</strong></span> <span class='ocrx_word' id='word_1_146' title='bbox 1407 2851 1448 2917; x_wconf 89' lang='lat' dir='ltr'><strong>ad</strong></span> 
     </span>
     <span class='ocr_line' id='line_1_23' title="bbox 275 2957 1447 3047; baseline -0.001 -23"><span class='ocrx_word' id='word_1_147' title='bbox 275 2960 365 3045; x_wconf 86' lang='lat' dir='ltr'><strong>prius</strong></span> <span class='ocrx_word' id='word_1_148' title='bbox 387 2961 569 3025; x_wconf 90' lang='lat' dir='ltr'><strong>membrum</strong></span> <span class='ocrx_word' id='word_1_149' title='bbox 590 2959 728 3026; x_wconf 86' lang='lat' dir='ltr'><strong>refertur</strong></span> <span class='ocrx_word' id='word_1_150' title='bbox 747 2959 984 3047; x_wconf 80' lang='lat' dir='ltr'><strong>significatione</strong></span> <span class='ocrx_word' id='word_1_151' title='bbox 1003 2957 1276 3047; x_wconf 78' lang='lat' dir='ltr'><strong>excitaverat)3</strong></span> <span class='ocrx_word' id='word_1_152' title='bbox 1299 2958 1447 3025; x_wconf 87' lang='lat' dir='ltr'><strong>Heraeus</strong></span> 
     </span>
     <span class='ocr_line' id='line_1_24' title="bbox 277 3065 1446 3153; baseline -0.002 -22"><span class='ocrx_word' id='word_1_153' title='bbox 277 3067 398 3153; x_wconf 88' lang='lat' dir='ltr'><strong>repetit</strong></span> <span class='ocrx_word' id='word_1_154' title='bbox 428 3068 702 3153; x_wconf 84' lang='lat' dir='ltr'><strong>praepositionem</strong></span> <span class='ocrx_word' id='word_1_155' title='bbox 735 3067 837 3152; x_wconf 86' lang='lat' dir='ltr'><strong>apud</strong></span> <span class='ocrx_word' id='word_1_156' title='bbox 869 3070 945 3132; x_wconf 86' lang='lat' dir='ltr'><strong>ante</strong></span> <span class='ocrx_word' id='word_1_157' title='bbox 978 3089 1123 3132; x_wconf 87' lang='lat' dir='ltr'><strong>omnes:</strong></span> <span class='ocrx_word' id='word_1_158' title='bbox 1155 3067 1212 3132; x_wconf 83' lang='lat' dir='ltr'><strong>sed</strong></span> <span class='ocrx_word' id='word_1_159' title='bbox 1226 3067 1266 3132; x_wconf 83' lang='lat' dir='ltr'><strong>cf.</strong></span> <span class='ocrx_word' id='word_1_160' title='bbox 1280 3065 1381 3132; x_wconf 78' lang='lat' dir='ltr'><strong>Greef</strong></span> <span class='ocrx_word' id='word_1_161' title='bbox 1390 3067 1413 3131; x_wconf 91' lang='lat'><strong>1.</strong></span> <span class='ocrx_word' id='word_1_162' title='bbox 1426 3067 1446 3131; x_wconf 90' lang='lat' dir='ltr'><strong>l.</strong></span> 
     </span>
     <span class='ocr_line' id='line_1_25' title="bbox 275 3171 1448 3261; baseline -0.001 -23"><span class='ocrx_word' id='word_1_163' title='bbox 275 3199 306 3258; x_wconf 89' lang='lat' dir='ltr'><strong>p.</strong></span> <span class='ocrx_word' id='word_1_164' title='bbox 323 3175 470 3239; x_wconf 77' lang='lat'><strong>11-12.</strong></span> <span class='ocrx_word' id='word_1_165' title='bbox 504 3172 662 3239; x_wconf 83' lang='lat' dir='ltr'><strong>Similiter</strong></span> <span class='ocrx_word' id='word_1_166' title='bbox 684 3173 804 3260; x_wconf 83' lang='lat' dir='ltr'><strong>legitur</strong></span> <span class='ocrx_word' id='word_1_167' title='bbox 823 3174 1120 3260; x_wconf 65' lang='lat' dir='ltr'>-11141,17J18:</span> <span class='ocrx_word' id='word_1_168' title='bbox 1144 3171 1252 3261; x_wconf 83' lang='lat' dir='ltr'><strong>(atrox</strong></span> <span class='ocrx_word' id='word_1_169' title='bbox 1275 3173 1448 3239; x_wconf 87' lang='lat' dir='ltr'><strong>consilium</strong></span> 
     </span>
    </p>

    <p class='ocr_par' dir='ltr' id='par_1_12' title="bbox 229 3277 1451 4332">
     <span class='ocr_line' id='line_1_26' title="bbox 275 3277 1449 3367; baseline 0.001 -23"><span class='ocrx_word' id='word_1_170' title='bbox 275 3280 365 3365; x_wconf 88' lang='lat' dir='ltr'><strong>iniit,</strong></span> <span class='ocrx_word' id='word_1_171' title='bbox 397 3277 447 3367; x_wconf 83' lang='lat' dir='ltr'><strong>ut)</strong></span> <span class='ocrx_word' id='word_1_172' title='bbox 478 3280 603 3347; x_wconf 80' lang='lat' dir='ltr'><strong>Gallias</strong></span> <span class='ocrx_word' id='word_1_173' title='bbox 634 3287 663 3346; x_wconf 87' lang='lat' dir='ltr'><strong>el</strong></span> <span class='ocrx_word' id='word_1_174' title='bbox 692 3283 840 3346; x_wconf 66' lang='lat' dir='ltr'><strong>ememtes</strong></span> <span class='ocrx_word' id='word_1_175' title='bbox 871 3287 900 3346; x_wconf 89' lang='lat' dir='ltr'><strong>et</strong></span> <span class='ocrx_word' id='word_1_176' title='bbox 921 3280 1109 3348; x_wconf 76' lang='lat' dir='ltr'><strong>Gerczonlae</strong></span> <span class='ocrx_word' id='word_1_177' title='bbox 1140 3286 1244 3365; x_wconf 79' lang='lat' dir='ltr'><strong>pentes</strong></span> <span class='ocrx_word' id='word_1_178' title='bbox 1278 3301 1449 3364; x_wconf 77' lang='lat' dir='ltr'><strong>novumque</strong></span> 
     </span>
     <span class='ocr_line' id='line_1_27' title="bbox 229 3371 1447 3474; baseline 0 -22"><span class='ocrx_word' id='word_1_179' title='bbox 229 3371 233 3380; x_wconf 51' lang='grc'><em>’</em></span> <span class='ocrx_word' id='word_1_180' title='bbox 276 3388 387 3454; x_wconf 83' lang='lat' dir='ltr'><strong>bellom</strong></span> <span class='ocrx_word' id='word_1_181' title='bbox 409 3389 520 3453; x_wconf 79' lang='lat' dir='ltr'><strong>cieret</strong></span> <span class='ocrx_word' id='word_1_182' title='bbox 542 3389 562 3455; x_wconf 90' lang='lat' dir='ltr'><strong>i.</strong></span> <span class='ocrx_word' id='word_1_183' title='bbox 577 3411 603 3455; x_wconf 87' lang='lat' dir='ltr'><strong>e.</strong></span> <span class='ocrx_word' id='word_1_184' title='bbox 626 3388 834 3474; x_wconf 85' lang='lat' dir='ltr'><strong>excitaret,</strong></span> <span class='ocrx_word' id='word_1_185' title='bbox 862 3387 903 3453; x_wconf 87' lang='lat' dir='ltr'><strong>ad</strong></span> <span class='ocrx_word' id='word_1_186' title='bbox 931 3389 1155 3454; x_wconf 86' lang='lat' dir='ltr'><strong>antecedentia</strong></span> <span class='ocrx_word' id='word_1_187' title='bbox 1181 3388 1322 3454; x_wconf 86' lang='lat' dir='ltr'><strong>relatum</strong></span> <span class='ocrx_word' id='word_1_188' title='bbox 1345 3387 1447 3474; x_wconf 81' lang='lat' dir='ltr'><strong>signi·</strong></span> 
     </span>
     <span class='ocr_line' id='line_1_28' title="bbox 276 3492 1449 3583; baseline 0 -25"><span class='ocrx_word' id='word_1_189' title='bbox 276 3495 352 3560; x_wconf 83' lang='lat' dir='ltr'><strong>ficet</strong></span> <span class='ocrx_word' id='word_1_190' title='bbox 376 3495 603 3561; x_wconf 87' lang='lat' dir='ltr'><strong>accenderet</strong></span> <span class='ocrx_word' id='word_1_191' title='bbox 627 3493 680 3583; x_wconf 81' lang='lat' dir='ltr'><strong>(cf.</strong></span> <span class='ocrx_word' id='word_1_192' title='bbox 696 3495 749 3560; x_wconf 88' lang='lat' dir='ltr'><strong>lex</strong></span> <span class='ocrx_word' id='word_1_193' title='bbox 772 3492 870 3582; x_wconf 80' lang='lat' dir='ltr'><strong>Tac).</strong></span> <span class='ocrx_word' id='word_1_194' title='bbox 893 3531 937 3542; x_wconf 90' lang='lat'>—</span> <span class='ocrx_word' id='word_1_195' title='bbox 961 3496 1177 3580; x_wconf 80' lang='lat' dir='ltr'><strong>135,1seq.:</strong></span> <span class='ocrx_word' id='word_1_196' title='bbox 1205 3499 1270 3558; x_wconf 83' lang='lat' dir='ltr'><strong>tom</strong></span> <span class='ocrx_word' id='word_1_197' title='bbox 1292 3515 1363 3558; x_wconf 83' lang='lat' dir='ltr'><strong>vero</strong></span> <span class='ocrx_word' id='word_1_198' title='bbox 1383 3515 1449 3559; x_wconf 78' lang='lat' dir='ltr'><strong>uon</strong></span> 
     </span>
     <span class='ocr_line' id='line_1_29' title="bbox 269 3602 1449 3686; baseline 0.001 -21"><span class='ocrx_word' id='word_1_199' title='bbox 269 3603 406 3685; x_wconf 71' lang='lat' dir='ltr'><strong>popellus</strong></span> <span class='ocrx_word' id='word_1_200' title='bbox 428 3607 550 3666; x_wconf 81' lang='lat' dir='ltr'><strong>tantum</strong></span> <span class='ocrx_word' id='word_1_201' title='bbox 576 3607 606 3667; x_wconf 88' lang='lat' dir='ltr'><strong>et</strong></span> <span class='ocrx_word' id='word_1_202' title='bbox 626 3603 760 3686; x_wconf 75' lang='lat' dir='ltr'><strong>inperito</strong></span> <span class='ocrx_word' id='word_1_203' title='bbox 782 3603 869 3686; x_wconf 82' lang='lat' dir='ltr'><strong>plebs</strong></span> <span class='ocrx_word' id='word_1_204' title='bbox 892 3605 926 3666; x_wconf 83' lang='lat' dir='ltr'><strong>ic</strong></span> <span class='ocrx_word' id='word_1_205' title='bbox 946 3603 1080 3686; x_wconf 81' lang='lat' dir='ltr'><strong>plausus</strong></span> <span class='ocrx_word' id='word_1_206' title='bbox 1107 3607 1136 3667; x_wconf 88' lang='lat' dir='ltr'><strong>el</strong></span> <span class='ocrx_word' id='word_1_207' title='bbox 1161 3603 1317 3667; x_wconf 79' lang='lat' dir='ltr'><strong>inmodico</strong></span> <span class='ocrx_word' id='word_1_208' title='bbox 1343 3602 1449 3666; x_wconf 78' lang='lat' dir='ltr'><strong>studia</strong></span> 
     </span>
     <span class='ocr_line' id='line_1_30' title="bbox 277 3706 1448 3802; baseline -0.001 -28"><span class='ocrx_word' id='word_1_209' title='bbox 277 3707 419 3796; x_wconf 63' lang='lat' dir='ltr'><strong>(ruerem</strong></span> <span class='ocrx_word' id='word_1_210' title='bbox 433 3797 435 3802; x_wconf 68' lang='lat'>,</span> <span class='ocrx_word' id='word_1_211' title='bbox 448 3711 470 3774; x_wconf 92' lang='lat' dir='ltr'><strong>i.</strong></span> <span class='ocrx_word' id='word_1_212' title='bbox 484 3732 510 3774; x_wconf 88' lang='lat' dir='ltr'><strong>e.</strong></span> <span class='ocrx_word' id='word_1_213' title='bbox 538 3709 715 3774; x_wconf 81' lang='lat' dir='ltr'><strong>feruntur</strong></span> <span class='ocrx_word' id='word_1_214' title='bbox 742 3709 873 3774; x_wconf 88' lang='lat' dir='ltr'><strong>inviti:</strong></span> <span class='ocrx_word' id='word_1_215' title='bbox 904 3710 940 3775; x_wconf 88' lang='lat' dir='ltr'><strong>cf.</strong></span> <span class='ocrx_word' id='word_1_216' title='bbox 954 3709 1014 3775; x_wconf 87' lang='lat' dir='ltr'><strong>An.</strong></span> <span class='ocrx_word' id='word_1_217' title='bbox 1029 3710 1046 3775; x_wconf 94' lang='lat' dir='ltr'>I</span> <span class='ocrx_word' id='word_1_218' title='bbox 1062 3711 1136 3794; x_wconf 78' lang='lat' dir='ltr'><strong>l,1;</strong></span> <span class='ocrx_word' id='word_1_219' title='bbox 1164 3746 1206 3754; x_wconf 92' lang='lat'><em>-</em></span> <span class='ocrx_word' id='word_1_220' title='bbox 1230 3707 1313 3774; x_wconf 93' lang='lat' dir='ltr'>XIII</span> <span class='ocrx_word' id='word_1_221' title='bbox 1330 3710 1383 3794; x_wconf 85' lang='lat'><strong>14,</strong></span> <span class='ocrx_word' id='word_1_222' title='bbox 1398 3706 1448 3796; x_wconf 88' lang='lat'><strong>8),</strong></span> 
     </span>
     <span class='ocr_line' id='line_1_31' title="bbox 275 3814 1449 3900; baseline 0 -18"><span class='ocrx_word' id='word_1_223' title='bbox 275 3819 329 3882; x_wconf 81' lang='lat' dir='ltr'><strong>sed</strong></span> <span class='ocrx_word' id='word_1_224' title='bbox 360 3819 494 3900; x_wconf 79' lang='lat' dir='ltr'><strong>equilum</strong></span> <span class='ocrx_word' id='word_1_225' title='bbox 518 3817 658 3899; x_wconf 80' lang='lat' dir='ltr'><strong>plerique</strong></span> <span class='ocrx_word' id='word_1_226' title='bbox 684 3837 721 3882; x_wconf 85' lang='lat' dir='ltr'><strong>oe</strong></span> <span class='ocrx_word' id='word_1_227' title='bbox 752 3822 929 3882; x_wconf 80' lang='lat' dir='ltr'><strong>senatorem</strong></span> <span class='ocrx_word' id='word_1_228' title='bbox 1008 3817 1150 3897; x_wconf 70' lang='lat' dir='ltr'><strong>refractis</strong></span> <span class='ocrx_word' id='word_1_229' title='bbox 1179 3815 1300 3881; x_wconf 74' lang='lat' dir='ltr'><strong>Paule</strong></span> <span class='ocrx_word' id='word_1_230' title='bbox 1326 3814 1449 3896; x_wconf 73' lang='lat' dir='ltr'><strong>ferebas</strong></span> 
     </span>
     <span class='ocr_line' id='line_1_32' title="bbox 275 3920 1445 4011; baseline -0.001 -22"><span class='ocrx_word' id='word_1_231' title='bbox 275 3947 380 3990; x_wconf 80' lang='lat' dir='ltr'><strong>rcere</strong></span> <span class='ocrx_word' id='word_1_232' title='bbox 402 3927 486 3990; x_wconf 78' lang='lat' dir='ltr'><strong>tutos</strong></span> <span class='ocrx_word' id='word_1_233' title='bbox 509 3921 562 4011; x_wconf 89' lang='lat' dir='ltr'><strong>(cf.</strong></span> <span class='ocrx_word' id='word_1_234' title='bbox 576 3923 606 3990; x_wconf 88' lang='lat' dir='ltr'><strong>J.</strong></span> <span class='ocrx_word' id='word_1_235' title='bbox 619 3923 746 4007; x_wconf 77' lang='lat' dir='ltr'><strong>Mttsser,</strong></span> <span class='ocrx_word' id='word_1_236' title='bbox 767 3923 920 3990; x_wconf 89' lang='lat' dir='ltr'><strong>Zeitschr.</strong></span> <span class='ocrx_word' id='word_1_237' title='bbox 933 3924 955 3989; x_wconf 89' lang='lat' dir='ltr'><strong>f.</strong></span> <span class='ocrx_word' id='word_1_238' title='bbox 972 3930 1001 3989; x_wconf 83' lang='grc' dir='ltr'><strong>ὃ.</strong></span> <span class='ocrx_word' id='word_1_239' title='bbox 1017 3924 1053 3988; x_wconf 83' lang='lat' dir='ltr'><strong>G.</strong></span> <span class='ocrx_word' id='word_1_240' title='bbox 1071 3924 1156 3989; x_wconf 79' lang='lat'>1878</span> <span class='ocrx_word' id='word_1_241' title='bbox 1172 3947 1203 4009; x_wconf 92' lang='lat' dir='ltr'><strong>p.</strong></span> <span class='ocrx_word' id='word_1_242' title='bbox 1217 3924 1283 3988; x_wconf 76' lang='lat'><strong>442</strong></span> <span class='ocrx_word' id='word_1_243' title='bbox 1298 3920 1394 4010; x_wconf 86' lang='lat' dir='ltr'><strong>seq.);</strong></span> <span class='ocrx_word' id='word_1_244' title='bbox 1405 3959 1445 3970; x_wconf 85' lang='lat'><strong>-</strong></span> 
     </span>
     <span class='ocr_line' id='line_1_33' title="bbox 276 4027 1447 4117; baseline -0.002 -19"><span class='ocrx_word' id='word_1_245' title='bbox 276 4032 310 4097; x_wconf 93' lang='lat' dir='ltr'><strong>II</strong></span> <span class='ocrx_word' id='word_1_246' title='bbox 325 4033 377 4117; x_wconf 79' lang='lat'><strong>70,</strong></span> <span class='ocrx_word' id='word_1_247' title='bbox 392 4031 498 4115; x_wconf 64' lang='lat' dir='ltr'><strong>lolli:</strong></span> <span class='ocrx_word' id='word_1_248' title='bbox 521 4036 549 4095; x_wconf 87' lang='lat' dir='ltr'><strong>et</strong></span> <span class='ocrx_word' id='word_1_249' title='bbox 570 4036 660 4095; x_wconf 71' lang='lat' dir='ltr'><strong>meet</strong></span> <span class='ocrx_word' id='word_1_250' title='bbox 681 4052 755 4113; x_wconf 79' lang='lat' dir='ltr'><strong>quos</strong></span> <span class='ocrx_word' id='word_1_251' title='bbox 777 4033 868 4096; x_wconf 80' lang='lat' dir='ltr'><strong>eoric</strong></span> <span class='ocrx_word' id='word_1_252' title='bbox 894 4051 961 4096; x_wconf 82' lang='lat' dir='ltr'><strong>sors</strong></span> <span class='ocrx_word' id='word_1_253' title='bbox 987 4051 1091 4096; x_wconf 77' lang='lat' dir='ltr'><strong>rerum</strong></span> <span class='ocrx_word' id='word_1_254' title='bbox 1114 4027 1300 4116; x_wconf 62' lang='lat' dir='ltr'><strong>(subirem</strong></span> <span class='ocrx_word' id='word_1_255' title='bbox 1323 4029 1385 4096; x_wconf 84' lang='lat' dir='ltr'><strong>ie.</strong></span> <span class='ocrx_word' id='word_1_256' title='bbox 1408 4029 1447 4096; x_wconf 91' lang='lat' dir='ltr'><strong>in</strong></span> 
     </span>
     <span class='ocr_line' id='line_1_34' title="bbox 276 4134 1450 4223; baseline -0.003 -19"><span class='ocrx_word' id='word_1_257' title='bbox 276 4144 440 4204; x_wconf 86' lang='lat' dir='ltr'><strong>mentem</strong></span> <span class='ocrx_word' id='word_1_258' title='bbox 463 4138 629 4223; x_wconf 82' lang='lat' dir='ltr'><strong>veniret,</strong></span> <span class='ocrx_word' id='word_1_259' title='bbox 657 4143 894 4204; x_wconf 88' lang='lat' dir='ltr'><strong>occurreret:</strong></span> <span class='ocrx_word' id='word_1_260' title='bbox 918 4135 955 4204; x_wconf 84' lang='lat' dir='ltr'><strong>cf.</strong></span> <span class='ocrx_word' id='word_1_261' title='bbox 971 4136 1145 4222; x_wconf 72' lang='lat' dir='ltr'><strong>umet,</strong></span> <span class='ocrx_word' id='word_1_262' title='bbox 1167 4134 1220 4223; x_wconf 81' lang='lat'><strong>19)</strong></span> <span class='ocrx_word' id='word_1_263' title='bbox 1244 4137 1450 4219; x_wconf 75' lang='lat' dir='ltr'><strong>lacrimaeque</strong></span> 
     </span>
     <span class='ocr_line' id='line_1_35' title="bbox 276 4242 1451 4332; baseline -0.003 -21"><span class='ocrx_word' id='word_1_264' title='bbox 276 4251 305 4311; x_wconf 86' lang='lat' dir='ltr'><strong>el</strong></span> <span class='ocrx_word' id='word_1_265' title='bbox 328 4247 537 4312; x_wconf 80' lang='lat' dir='ltr'><strong>misericordia</strong></span> <span class='ocrx_word' id='word_1_266' title='bbox 558 4247 699 4311; x_wconf 81' lang='lat' dir='ltr'><strong>subiret</strong></span> <span class='ocrx_word' id='word_1_267' title='bbox 720 4242 1211 4332; x_wconf 66' lang='lat' dir='ltr'><strong>(cf.Heraeus);-8l,14l15:</strong></span> <span class='ocrx_word' id='word_1_268' title='bbox 1236 4265 1290 4308; x_wconf 81' lang='lat' dir='ltr'><strong>oce</strong></span> <span class='ocrx_word' id='word_1_269' title='bbox 1313 4243 1451 4308; x_wconf 70' lang='lat' dir='ltr'><strong>eunuc</strong></span> 
     </span>
    </p>
   </div>
   <div class='ocr_carea' id='block_1_5' title="bbox 276 4347 1451 4546">
    <p class='ocr_par' dir='ltr' id='par_1_13' title="bbox 276 4347 1451 4546">
     <span class='ocr_line' id='line_1_36' title="bbox 276 4347 1450 4439; baseline -0.003 -21"><span class='ocrx_word' id='word_1_270' title='bbox 276 4355 364 4418; x_wconf 83' lang='lat' dir='ltr'><strong>modo</strong></span> <span class='ocrx_word' id='word_1_271' title='bbox 382 4359 438 4418; x_wconf 80' lang='lat' dir='ltr'><strong>aul</strong></span> <span class='ocrx_word' id='word_1_272' title='bbox 455 4354 628 4437; x_wconf 71' lang='lat' dir='ltr'><strong>municipio</strong></span> <span class='ocrx_word' id='word_1_273' title='bbox 645 4359 785 4436; x_wconf 74' lang='lat' dir='ltr'><strong>conpecto</strong></span> <span class='ocrx_word' id='word_1_274' title='bbox 802 4354 973 4439; x_wconf 70' lang='lat' dir='ltr'><strong>ceptorum,</strong></span> <span class='ocrx_word' id='word_1_275' title='bbox 1000 4353 1053 4417; x_wconf 84' lang='lat' dir='ltr'><strong>sed</strong></span> <span class='ocrx_word' id='word_1_276' title='bbox 1071 4353 1133 4436; x_wconf 61' lang='lat' dir='ltr'><strong>episi</strong></span> <span class='ocrx_word' id='word_1_277' title='bbox 1150 4352 1278 4418; x_wconf 82' lang='lat' dir='ltr'><strong>cultores</strong></span> <span class='ocrx_word' id='word_1_278' title='bbox 1297 4347 1450 4436; x_wconf 86' lang='lat' dir='ltr'><strong>(vaste-</strong></span> 
     </span>
     <span class='ocr_line' id='line_1_37' title="bbox 277 4456 1451 4546; baseline -0.001 -21"><span class='ocrx_word' id='word_1_279' title='bbox 277 4461 416 4526; x_wconf 88' lang='lat' dir='ltr'><strong>bantur</strong></span> <span class='ocrx_word' id='word_1_280' title='bbox 439 4494 472 4512; x_wconf 92' lang='lat'><strong>=</strong></span> <span class='ocrx_word' id='word_1_281' title='bbox 491 4461 816 4526; x_wconf 84' lang='lat' dir='ltr'><strong>brandschatzen:</strong></span> <span class='ocrx_word' id='word_1_282' title='bbox 841 4458 1125 4546; x_wconf 77' lang='lat' dir='ltr'><strong>ef.H.1116‚15;</strong></span> <span class='ocrx_word' id='word_1_283' title='bbox 1158 4458 1237 4544; x_wconf 81' lang='lat' dir='ltr'><strong>Agr.</strong></span> <span class='ocrx_word' id='word_1_284' title='bbox 1256 4458 1361 4544; x_wconf 79' lang='lat'><strong>22,2;</strong></span> <span class='ocrx_word' id='word_1_285' title='bbox 1384 4456 1451 4524; x_wconf 78' lang='lat' dir='ltr'><strong>An.</strong></span> 
     </span>
    </p>
   </div>
   <div class='ocr_carea' id='block_1_6' title="bbox 0 0 1609 5284">
    <p class='ocr_par' dir='ltr' id='par_1_14' title="bbox 0 0 1609 5284">
     <span class='ocr_line' id='line_1_38' title="bbox 0 0 1609 5284; baseline 0 0"><span class='ocrx_word' id='word_1_286' title='bbox 0 0 1609 5284; x_wconf 95' lang='lat' dir='ltr'><strong> </strong></span> 
     </span>
    </p>
   </div>
  </div>
 </body>
</html>
