3242 5284
603 493 821 558 -35-

137 655 234 717 totam
255 651 322 718 fere
344 652 497 738 syntaxin
520 653 754 718 contaminavit
776 653 967 740 amplosque
990 653 1155 739 ellipsium
1177 655 1299 720 indices
1426 717 1429 724 .

137 759 328 845 conscripsit.
361 758 485 826 Sanctii
498 763 682 826 commenta
695 782 715 825 a
729 757 892 847 Scioppio,
910 783 988 826 cane
1002 761 1061 827 illo
1077 762 1300 850 grammatico,

136 869 167 930 et
194 889 212 930 a
240 865 408 932 Perizonio
438 868 543 953 magis
579 868 708 940 exculta
738 872 771 932 et
802 867 837 932 in
876 870 1163 952 grammaticomm
1197 869 1299 934 libros

135 972 260 1038 inducta
282 979 371 1060 sunt,
393 973 441 1040 ita
464 978 501 1038 ut
521 975 576 1040 vix
599 997 682 1039 unus
707 974 753 1038 eis
771 977 981 1061 repugnaret3
1004 974 1103 1040 immo
1127 998 1204 1042 vero
1227 981 1299 1041 tan-

136 1083 200 1145 tum
228 1081 354 1167 aberat,
381 1085 419 1146 ut
445 1081 509 1146 viri
539 1081 627 1146 docti
660 1081 807 1165 ineptam
840 1081 932 1146 illam
963 1081 1144 1147 doctrinam
1178 1083 1299 1170 ellipti-

136 1209 199 1252 cam
228 1189 401 1273 reicerent,
429 1193 466 1253 ut
489 1188 612 1272 singuli
635 1190 687 1254 vel
711 1188 829 1254 crassis
857 1188 1079 1254 voluminibus
1107 1189 1300 1276 conscriptis

134 1295 298 1360 thesauros
327 1294 490 1382 ellipsium
518 1296 736 1381 cumularent,
763 1295 797 1360 in
825 1295 943 1380 quibus
972 1299 1081 1361 omnia
1107 1296 1188 1382 fere,
1218 1319 1300 1382 quae

135 1401 353 1468 coniunctione
375 1403 548 1468 verborum
572 1403 695 1488 aliquid
719 1402 922 1467 difficultatis
945 1403 1124 1487 habebant,
1147 1403 1300 1488 ellipseos

136 1511 219 1593 quasi
236 1509 457 1575 instrumente
476 1510 651 1595 explanare
670 1510 853 1575 studebant.
885 1509 1006 1576 Nostro
1022 1509 1151 1575 demum
1171 1512 1300 1577 saeculo

135 1615 205 1680 haec
223 1617 378 1701 ellipseos
394 1616 526 1681 licentia
539 1618 654 1701 [tuitus
670 1619 780 1682 saissa
798 1617 950 1682 contueare
967 1622 997 1682 el
1013 1617 1300 1698 auscultandum

138 1721 238 1802 tultus
260 1723 311 1788 cul
337 1723 426 1789 illeso
454 1729 497 1790 est
520 1745 541 1788 a
571 1723 725 1789 Godofr.
748 1721 982 1790 Hermanno.
1027 1723 1060 1790 Is
1085 1724 1170 1790 enim
1200 1722 1300 1812 (opl

141 1851 166 1912 p.
180 1831 231 1896 181
248 1828 290 1917 s.)
306 1831 416 1897 docuit
438 1831 553 1896 tritam
571 1831 663 1896 illam
681 1831 912 1917 definitionem,
930 1853 969 1896 ex
989 1854 1053 1916 qua
1070 1836 1157 1898 esset
1176 1832 1300 1917 ellipsis

141 1937 298 2003 omissio
322 1939 433 2004 verbi
456 1938 673 2004 necessarii
703 1937 748 2002 ad
779 1938 1059 2023 integritatem
1089 1939 1301 2024 orationis,

136 2049 261 2130 propter
287 2045 537 2130 ambiguitatem
562 2068 654 2110 suam
679 2050 711 2110 et
734 2045 916 2111 socordiam
943 2045 1232 2131 credulitatemque
1255 2046 1301 2110 vi-

135 2172 235 2218 rorum
272 2153 441 2218 doctorum
472 2153 573 2218 fuisse
609 2153 735 2218 fontem
773 2152 955 2218 dementiae
991 2151 1095 2238 illius,
1132 2153 1209 2238 quia
1241 2175 1301 2218 neo

134 2257 247 2326 dictum
269 2263 365 2344 esset,
380 2259 457 2346 quid
472 2265 558 2326 esset
572 2259 788 2326 necessarium
804 2281 930 2345 quoque
945 2259 1078 2324 modulo
1092 2260 1301 2345 metiendum,
1339 2341 1344 2346 p

131 2367 288 2453 neuquid
311 2367 373 2433 sibi
397 2367 497 2432 vellet
520 2367 578 2432 illa
601 2367 758 2432 orationis
781 2366 969 2454 integritas,
996 2367 1127 2432 brevem
1150 2366 1235 2432 eninr
1268 2372 1301 2432 et
1389 2355 1393 2359 ’

132 2474 294 2558 copiosam
317 2475 497 2540 orationem
523 2497 593 2540 erse
615 2474 778 2560 integram
800 2496 860 2540 nec
883 2473 988 2559 magis
1012 2495 1095 2559 eum,
1117 2474 1173 2560 qui
1196 2474 1300 2540 brevi-

130 2581 188 2645 tati
210 2581 245 2646 in
271 2581 405 2646 dicendo
430 2582 590 2666 studeret,
613 2581 791 2666 quidquam
815 2581 981 2666 omittere,
1008 2603 1106 2665 quam
1136 2581 1300 2666 superflua

130 2687 334 2774 adiungeret,
358 2689 414 2773 qui
437 2689 565 2774 copiae3
589 2691 719 2772 quodsi
741 2692 982 2772 quislaleyrum
1005 2689 1175 2752 cratonem
1192 2708 1300 2754 vocau-

129 2795 197 2860 dum
219 2801 354 2861 censeret
385 2818 465 2881 earu,
499 2817 577 2880 quoe
602 2817 663 2879 pro
691 2797 818 2862 cucullo
850 2798 928 2881 etas,
963 2796 1017 2879 qui
1040 2795 1213 2876 loqueretur
1244 2800 1302 2861 aut

128 2901 279 2985 emmer,
308 2924 391 2968 nuuc
413 2905 561 2969 conculca
584 2909 674 2988 esset,
702 2924 786 2968 nuuc
814 2903 1003 2986 explicatior,
1034 2901 1062 2967 is
1085 2903 1300 2986 pleonasmum

128 3028 193 3072 cum
216 3007 315 3092 copia,
337 3009 459 3095 ellipsin
482 3032 551 3075 cum
574 3012 715 3076 breuitate
738 3009 941 3090 coufunderet.
977 3009 1203 3094 Quamobrem,
1226 3032 1298 3074 cum

129 3116 164 3182 de
188 3116 300 3202 ellipsi
323 3121 547 3204 quaereretur,
569 3117 794 3203 integritatem
816 3138 883 3180 non
905 3137 1001 3201 posse
1025 3116 1123 3182 aliam
1150 3109 1300 3202 intellegi

127 3224 188 3289 nisi
212 3247 297 3309 earn,
320 3247 384 3310 qua
407 3225 516 3290 omnia
535 3248 617 3310 quae
641 3229 751 3290 orator
774 3222 911 3308 cogitari
934 3223 1047 3309 vellet,
1070 3223 1177 3289 verbis
1201 3223 1300 3288 etiam

126 3332 269 3419 propriis
294 3331 492 3418 dicerentur,
516 3331 536 3395 i.
556 3355 581 3398 e.
600 3331 826 3416 integritatem
851 3330 1111 3416 grammaticam
1134 3330 1301 3415 ellipsin

126 3437 255 3523 igitur
286 3461 372 3504 esse
403 3438 655 3504 omissionem
685 3436 883 3523 vocabuli,
914 3438 1012 3522 quod
1044 3436 1118 3502 etsi
1148 3437 1298 3502 dictum

125 3568 199 3612 non
218 3549 347 3631 esset,
369 3550 497 3610 tamen
521 3545 772 3630 cogitaretur.
809 3544 998 3629 Integritati
1016 3544 1119 3630 igitur
1137 3565 1296 3630 gramma·

126 3653 209 3720 ticae
235 3652 414 3718 secundum
434 3651 614 3718 Hermanni
638 3651 860 3716 definitionem
885 3650 1009 3735 ellipsis
1034 3651 1127 3736 quasi
1149 3652 1299 3715 lacunam

125 3761 237 3847 infert,
271 3759 348 3846 quia
382 3764 492 3825 orator
527 3760 671 3845 aliquam
704 3757 885 3842 notionem,
919 3779 1017 3842 quam
1051 3756 1189 3842 cogitari
1219 3756 1300 3842 vult,
1357 3833 1369 3854 .

126 3868 260 3953 proprio
286 3867 385 3932 verbo
408 3889 474 3931 non
498 3866 668 3952 exprimit,
691 3865 739 3930 ita
763 3865 906 3951 quidem,
936 3869 973 3929 ut
1001 3863 1235 3928 sententiarum
1252 3864 1299 3928 in·

125 3975 265 4061 tegritas
290 3972 463 4059 efficiatur,
485 3973 659 4039 verborum
672 3995 737 4038 non
758 3970 927 4036 efficiatur.
946 4007 989 4016 —
1009 3970 1097 4047 Quae
1112 3970 1299 4035 acutissime

127 4083 166 4147 ab
190 4081 381 4150 Hermanno
407 4103 476 4145 esse
506 4081 655 4166 exposita
685 4079 747 4145 etsi
775 4100 840 4142 non
863 4077 1012 4163 negabis,
1042 4079 1153 4142 tamen
1175 4077 1208 4141 id
1232 4076 1298 4141 for·

125 4193 214 4254 tasse
235 4211 361 4254 mecum
386 4187 599 4273 vituperabis,
623 4187 709 4272 quod
727 4185 962 4251 sententiarum
980 4183 1204 4269 integritatem
1223 4207 1299 4268 pen-

125 4296 260 4362 dentem
282 4296 362 4360 fecit
384 4317 423 4359 ex
447 4316 499 4378 eo,
521 4299 632 4359 utrum
654 4316 713 4378 pro
744 4291 880 4357 consilio
904 4313 941 4355 ao
964 4290 1132 4374 voluntate
1159 4290 1299 4355 oratoris

125 4404 239 4468 omnia
269 4402 355 4466 dicta
384 4405 505 4486 essent,
533 4423 642 4466 necne.
695 4400 773 4477 Quis
803 4398 889 4463 euim
919 4421 979 4482 pro
1014 4403 1102 4463 certo
1137 4396 1300 4492 affirmare

125 4512 250 4594 potest,
272 4509 334 4574 hoc
356 4531 460 4593 neque
484 4507 572 4572 aliud
596 4506 672 4591 quid
687 4509 849 4571 oratorem
864 4505 1050 4591 cogitasse?
1086 4527 1150 4588 qua
1173 4504 1299 4568 ratione

1051 4606 1087 4661 3*
