3242 5284
729 446 925 509 ,8-

246 605 425 694 devenere.
449 645 488 656 -
514 607 590 672 Non
613 606 756 672 alienum
779 608 830 669 est
858 604 898 670 ab
921 603 984 668 hac
1006 601 1221 688 descriptione
1244 599 1414 665 notionum

246 712 412 801 βραχύτης
436 717 469 780 et
492 715 671 797 συντομία,
694 710 780 797 quod
804 711 869 775 iam
894 709 1028 776 Cicero
1052 708 1112 774 sub
1139 729 1217 774 voce
1240 707 1415 772 brevitas

247 821 396 908 intellegi
419 819 538 887 voluit:
561 817 604 885 cf.
627 819 666 884 de
689 817 832 884 invent.
849 817 945 897 §322
968 817 1099 882 brevitas
1121 821 1166 881 est
1187 835 1258 880 eam
1279 815 1344 880 nesi
1364 833 1416 880 aa·

247 929 413 994 eessariam
439 927 560 992 nullam
593 926 764 992 assumitur
791 925 927 1008 verbam,
955 922 1105 1009 quodque
1134 943 1268 1007 prorsus
1300 920 1416 986 iisdem

248 1034 356 1100 verbis
374 1033 529 1120 repetivit
539 1029 605 1098 C.J
611 1030 861 1097 uliusVietor
876 1027 1003 1116 (Halm,
1021 1029 1069 1095 rh.
1079 1031 1100 1095 l.
1110 1052 1152 1096 m.
1161 1052 1192 1114 p.
1201 1029 1283 1114 419,
1297 1024 1417 1114 31).—

247 1139 324 1206 Non
349 1142 449 1224 longe
476 1138 599 1205 recedit
626 1139 666 1204 ab
694 1138 746 1204 his
776 1136 984 1203 Cornificii
1015 1136 1161 1202 definitio
1189 1135 1285 1201 rhet.
1303 1134 1351 1200 IV
1374 1134 1417 1201 68

249 1244 312 1334 (ed.
326 1245 466 1332 Kayser)
485 1271 516 1332 p.
534 1247 612 1311 209:
640 1246 769 1311 brevitas
786 1250 831 1310 est
846 1265 894 1310 res
912 1245 989 1328 ipsis
1007 1247 1128 1308 anam
1147 1243 1234 1308 morlo
1251 1242 1348 1307 eabe
1369 1263 1419 1307 ae

248 1355 390 1420 escariis
411 1354 558 1438 enpedito.

173 1443 181 1462 .
338 1477 547 1544 Manifestum
580 1480 631 1543 est
662 1498 774 1541 omnes
806 1475 867 1541 hos
900 1474 1074 1559 scriptores
1110 1474 1224 1538 tritam
1257 1473 1420 1558 quandam

250 1584 384 1650 reddere
408 1584 659 1670 descriptionem
681 1582 815 1647 illorum
837 1581 1063 1667 terminorum,
1091 1603 1173 1666 quae
1196 1580 1230 1644 in
1252 1581 1419 1645 rhetorum

250 1691 371 1757 scholis
393 1691 589 1757 Graecorum
607 1690 893 1774 Romanorumque
911 1689 1020 1754 doceri
1039 1688 1138 1753 solita
1156 1691 1219 1772 est;
1239 1687 1311 1772 quis
1323 1686 1421 1752 Grae·

250 1820 362 1863 corum
385 1797 511 1863 dicendi
533 1797 765 1884 magistrorum
789 1817 861 1861 cam
884 1795 1057 1880 invenerit,
1081 1794 1144 1860 diei
1168 1816 1234 1859 non
1251 1796 1371 1879 potest.

341 1937 490 2026 Cicero,
512 1941 548 2005 de
566 1944 643 2004 orat.
662 1938 730 2002 ΙΙΙ
743 1941 797 2023 53,
819 1943 887 2003 202
904 1938 991 2004 inter
1010 1938 1133 2003 lumina
1152 1933 1331 2023 (σχήματα)
1350 1957 1421 2001 sen-

251 2046 428 2111 tentiarum
452 2067 523 2112 csse
546 2045 733 2110 distincte
762 2045 953 2111 concisam
980 2045 1213 2111 brevitatem
1241 2043 1423 2128 contendit3

252 2152 330 2237 quid
354 2153 417 2217 sibi
439 2153 520 2219 velit
543 2175 593 2238 ea,
622 2173 688 2217 non
712 2153 815 2218 docet.
861 2151 923 2218 Sed
946 2152 1125 2218 notandum
1154 2155 1204 2215 est
1233 2149 1422 2216 Ciceronem

251 2257 407 2325 hocloco
430 2260 624 2325 brevitatem
648 2258 688 2324 ad
716 2281 809 2324 veras
838 2259 1072 2325 sententiarum
1094 2259 1219 2342 figuras
1246 2258 1423 2343 rettulisse,

251 2366 287 2434 in
323 2365 407 2430 libro
445 2371 568 2452 autem,
606 2365 662 2450 qui
698 2365 887 2430 inscribitur
918 2369 1051 2431 orator
1087 2369 1143 2450 40,
1174 2370 1236 2430 139
1268 2364 1309 2430 ad
1342 2364 1423 2429 alias

254 2470 410 2536 orationis
433 2473 585 2559 virtutes,
609 2494 691 2558 quae
714 2494 772 2538 nec
794 2471 968 2538 verborum
991 2494 1051 2537 nee
1075 2471 1309 2537 sententiarum
1329 2494 1422 2536 orna-

253 2578 373 2643 mentis
383 2582 491 2644 essent
501 2578 760 2644 adnumerandae
771 2577 824 2665 (cf.
834 2578 933 2643 etiam
944 2577 1079 2654 Quintil.
1088 2577 1136 2643 IX
1148 2580 1176 2664 1,
1186 2579 1228 2644 36
1240 2573 1330 2664 seq).
1354 2577 1425 2654 Qua

254 2707 288 2749 rc
307 2686 526 2771 confirmatur,
558 2685 644 2770 quod
671 2684 737 2749 iam
751 2684 1019 2761 Quintilianus
1047 2690 1134 2751 recte
1153 2684 1237 2751 vidit
1252 2682 1312 2771 (IX
1327 2682 1425 2772 3‚90),

254 2791 298 2856 M.
310 2790 455 2856 Tullium
473 2792 594 2857 multas
613 2793 734 2877 figuras
752 2792 787 2856 in
805 2790 904 2857 tertio
925 2791 968 2856 de
988 2795 1145 2857 oratore
1163 2791 1247 2857 libro
1265 2790 1425 2878 posuisse,

255 2919 335 2981 quas
358 2898 393 2962 in
416 2901 569 2963 oratore
591 2901 707 2984 postea
730 2897 852 2983 scripto
875 2899 945 2983 ipse
969 2899 1148 2965 damnaret.

345 3039 390 3106 Ut
413 3062 524 3106 omnes
548 3040 608 3107 has
632 3063 712 3126 quas
737 3039 1011 3107 consideravimus
1035 3039 1240 3107 definitiones
1263 3041 1426 3127 pertinere

256 3146 297 3210 ad
322 3146 493 3212 verborum
517 3148 622 3213 solam
645 3147 855 3233 brevitatem,
886 3147 1006 3233 quaid
1030 3147 1116 3233 quod
1140 3147 1305 3234 cogitatur
1327 3170 1426 3234 quam

255 3253 446 3319 brevissime
464 3254 572 3319 verbis
592 3254 810 3340 significatur,
829 3254 1056 3340 cognovimns,
1079 3254 1127 3321 ita
1139 3275 1205 3320 non
1224 3254 1426 3341 mirabimur,

257 3360 466 3444 quodetiam
494 3361 576 3426 illud
603 3361 881 3447 breviloquentiae
909 3381 1012 3447 genus
1041 3384 1061 3426 a
1087 3361 1253 3427 veteribus
1280 3362 1347 3427 iam
1374 3385 1426 3428 ex-

257 3466 381 3532 cultum
407 3467 604 3555 invenimus,
637 3491 700 3552 quo
726 3468 775 3554 id,
807 3468 894 3554 quod
926 3468 968 3532 ad
999 3468 1233 3534 obscuritatem
1259 3468 1427 3535 vitandam

255 3575 437 3640 necessarie
460 3574 524 3640 dici
546 3574 656 3661 debet,
679 3597 777 3661 quarn
800 3574 991 3641 brevissime
1016 3579 1049 3640 et
1071 3575 1235 3662 cogitatur
1262 3580 1296 3642 et
1318 3576 1426 3643 verbis

257 3681 411 3767 exprimit
451 3731 459 3747 .

346 3802 512 3871 Ciceronis
544 3805 747 3891 temporibus
777 3804 960 3890 Gorgiam
982 3805 1265 3872 Atheniensem
1297 3808 1336 3875 de
1364 3809 1428 3875 hoo

258 3910 488 3999 brachylogiae
506 3934 624 4000 genere
642 3910 824 3978 accuratius
844 3911 1044 3997 quaesivisse
1067 3912 1271 4000 intellegitur
1294 3937 1333 3980 ex
1351 3914 1426 3981 Ru·

258 4018 345 4084 tilii
368 4019 468 4104 Lupi
491 4019 576 4095 libro
596 4020 639 4085 de
659 4018 871 4086 schematis
891 4019 1023 4084 lexeos
1043 4021 1223 4106 composito
1243 4017 1297 4108 (cf.
1315 4020 1427 4088 Ruhn-

257 4124 322 4189 ken
344 4125 504 4209 praefatio
528 4125 570 4190 ad
588 4126 664 4192 Rut.
682 4125 760 4211 hup.
779 4150 810 4211 p.
826 4127 881 4210 103
904 4123 941 4192 G.
961 4123 1108 4212 Dzialas,
1131 4129 1340 4212 quaestiones
1362 4128 1428 4194 Ru·

257 4230 392 4296 tilianae
411 4255 442 4316 p.
461 4232 495 4318 53
514 4231 701 4298 Volkmann
715 4231 736 4298 l.
755 4232 776 4297 l.
795 4257 826 4318 p.
840 4233 918 4317 3903
941 4231 1056 4318 Halm,
1073 4232 1121 4298 rh.
1139 4234 1162 4300 l.
1181 4257 1223 4300 m.
1242 4259 1272 4320 p.
1292 4236 1313 4301 3
1332 4233 1428 4323 adn).

258 4335 386 4403 Primus
410 4339 466 4404 ille
481 4338 630 4404 extitisse
644 4338 788 4424 videtur,
810 4339 867 4423 qui
880 4339 1063 4405 doctrinam
1087 4338 1126 4404 de
1140 4340 1253 4428 figuris
1270 4364 1289 4406 a
1308 4338 1428 4408 Corace

259 4448 356 4530 atque
389 4445 480 4510 Tisia
513 4445 694 4532 inventam,
733 4444 808 4510 dein
844 4468 864 4510 a
893 4443 1016 4532 Gorgia
1054 4445 1214 4513 Leontino
1250 4448 1429 4515 Aristotele
